2572 4200
151 263 191 320 3⁸2
462 261 494 310 D.
511 261 607 310 JUNll
624 259 819 310 tuvnnxnls

151 401 219 460 Non
235 403 336 459 babeat
349 413 486 474 matrona,
500 403 551 461 tibi
564 421 626 478 qnae
638 403 738 479 juncta
752 402 902 475 recumbit,

63 525 67 537 ,
151 479 276 537 Dicendi
290 498 390 555 genus,
405 491 455 554 aut
469 493 581 538 curtum
596 488 828 538 sermone‘rotato

151 556 297 632 Torqueat
310 559 499 635 enthymema,
514 577 568 616 nec
582 559 711 616 historias
725 560 796 616 sciat
809 578 924 629 omnes;
938 568 941 574 '
975 576 977 580 ’

152 635 209 693 Sed
224 637 353 711 quaedam
367 657 403 695 ex
416 637 494 696 libris
507 648 536 693 et
549 655 606 693 non
620 638 767 712 intelligat.
808 637 866 694 Odi

152 713 237 772 Hanc
251 733 314 789 ego,
327 734 390 790 quae
406 715 505 790 repetit
519 714 658 789 volvitque
672 715 841 774 Palaemonis
855 726 955 788 mem,

152 792 268 849 Servata
282 811 392 869 semper
406 792 469 868 lege
483 804 512 849 et
525 792 632 849 ratione
643 793 788 868 loquendi,

150 868 322 1004 {gnotusque
336 872 405 928 mibi
418 881 496 928 tenet
510 871 667 945 antiquaria
681 891 787 944 versus,

181 968 197 1004 e

199 950 355 1006 ocuranda
369 949 434 1006 viris
448 951 537 1025 opicoe
552 950 671 1024 castigat
685 951 784 1008 amicas

149 1025 254 1083 Verba.
295 1028 493 1085 Soloecismum
508 1028 592 1084 liceat
602 1027 702 1084 secisse
713 1029 820 1086 marito.

189 1101 238 1161 Nil
254 1125 310 1163 non
324 1107 458 1180 permittit
472 1106 572 1162 mulier
586 1104 650 1177 sibi,
664 1117 745 1182 turpe
755 1117 835 1182 putat
848 1106 900 1179 nil,
949 1123 967 1160 Λ

148 1179 251 1244 Quum
265 1185 369 1241 virides
382 1203 510 1260 gemmas
523 1184 596 1242 collo
614 1185 810 1256 circumdedit,
824 1197 853 1243 et
865 1201 953 1260 quum

149 1260 277 1318 Auribus
291 1263 412 1320 extentis
425 1281 542 1338 magnos
556 1264 697 1321 commisit
710 1263 853 1322 elenchos.

149 1337 357 1397 Intolerabilius
371 1340 441 1396 nihil
455 1351 507 1411 est,
521 1337 605 1414 quam
621 1340 735 1398 loemina
748 1342 847 1398 dives„

189 1415 303 1476 Interea
317 1418 391 1474 soeda
405 1430 520 1492 aspectu
534 1418 707 1492 ridendaque
727 1419 816 1476 multo

149 1493 227 1552 Pane
241 1506 331 1552 tumet
345 1496 441 1567 facies,
456 1508 504 1552 aut
516 1496 634 1572 pinguia
648 1496 808 1574 Poppaeana

150 1573 254 1648 Spirat,
268 1585 297 1630 et
311 1574 379 1630 binc
392 1574 488 1630 miseri
502 1573 644 1630 viscantur
659 1575 737 1632 labra
750 1574 851 1633 mariti.

150 1651 198 1708 Ad
212 1653 356 1708 moechum
370 1652 463 1710 veniet
476 1651 531 1709 tort
547 1663 620 1708 cute.
661 1652 788 1714 Quando
802 1653 891 1711 videri

149 1728 219 1786 Vult
230 1729 350 1788 formosa
363 1731 459 1787 domil
479 1731 598 1787 moechis
612 1731 706 1789 foliata
719 1744 861 1807 parantur.

150 1805 206 1865 His
218 1809 330 1880 emitur,
344 1808 479 1884 quidquid
493 1809 612 1885 graciles
626 1811 682 1867 huc
696 1811 805 1868 mittitis
818 1808 892 1868 Indi.

113 1893 120 1958 j
149 1884 282 1944 Tandem
296 1888 385 1963 aperit
398 1887 517 1959 vultum,
530 1899 558 1944 et
572 1889 690 1949 tectoria
700 1889 790 1964 prima
803 1889 932 1965 reponit:

150 1962 256 2040 Incipit
270 1966 397 2042 agnosci,
411 1978 494 2043 atque
509 1967 556 2023 illo
567 1966 641 2024 lacte
656 1970 775 2038 sonetur,

149 2041 266 2120 Propter
279 2045 354 2119 quod
368 2064 466 2102 secum
480 2045 600 2102 comites
610 2045 707 2102 educit
721 2046 833 2116 asellas,

149 2117 238 2178 Exsul
253 2121 468 2199 Hyperboreum
484 2123 508 2179 si
523 2123 678 2180 dimittatur
692 2124 727 2179 ad
743 2141 834 2183 axem.

151 2199 207 2256 Sed
222 2219 284 2276 qum
299 2201 412 2258 mutatis
426 2200 570 2257 inducitur
594 2213 677 2276 atque
692 2201 799 2258 sonetur

150 2276 209 2334 Tot
222 2279 469 2350 medicaminibus,
483 2288 627 2354 coctaque
642 2279 762 2356 siliginis
774 2279 844 2337 offas

149 2355 265 2432 Accipit
278 2367 307 2414 et
320 2358 452 2428 madidae,
467 2357 553 2414 facies
566 2357 688 2428 dicetur,
701 2377 737 2414 an
752 2359 853 2416 ulcust
947 2359 949 2366 '

188 2431 239 2490 Est
253 2435 373 2510 pretium
389 2453 476 2506 curae,
488 2433 602 2510 penitus
615 2455 797 2511 cognoscere,
811 2447 870 2494 toto
930 2449 932 2453 '

148 2509 230 2571 Quid
245 2513 350 2570 faciant
363 2514 523 2590 agitentque
538 2514 592 2571 die.
635 2515 666 2571 Si
678 2526 760 2572 nocte
774 2515 895 2573 maritus
982 2515 985 2520 ’

132 2657 135 2664 Ι
149 2589 275 2648 Aversus
286 2591 391 2667 jacuit;
412 2592 495 2667 periit
508 2592 631 2664 libraria,
645 2604 755 2667 ponunt

149 2667 289 2727 Cosmetae
303 2671 426 2742 tunicas,
439 2667 519 2728 tarde
535 2671 644 2729 venisse
657 2671 804 2730 Liburnus

148 2745 271 2820 Dicitur,
284 2760 314 2807 et
327 2769 425 2826 poenas
438 2750 523 2806 alieni
536 2751 661 2825 pendere
674 2751 766 2808 somni

148 2825 284 2902 Cogitur:
305 2829 352 2885 bic
366 2829 468 2903 frangit
482 2828 594 2899 sentias,
609 2830 691 2885 rubet
704 2829 750 2887 ille
765 2828 893 2904 flagellis,

147 2903 207 2961 Hic
221 2907 347 2963 scutica:
369 2917 444 2976 sunt,
458 2923 521 2980 qnae
535 2906 686 2962 tortoribus
700 2925 795 2963 annua
808 2917 951 2980 praestent.

148 2983 295 3055 Verberat,
309 2996 392 3056 atque
405 2984 494 3040 obiter
509 2983 610 3041 faciem
622 2981 702 3051 linit;
724 2984 803 3040 audit
817 2983 932 3055 amicas,

148 3062 209 3117 Aut
222 3061 311 3118 latum
324 3061 406 3136 pictae
421 3061 505 3118 vestis
518 3062 677 3118 considerat
691 3080 802 3132 aurum,

147 3137 186 3196 Et
199 3141 302 3209 caadit3
323 3139 399 3216 longi
413 3139 514 3214 relegit
526 3151 683 3196 transversa
697 3140 801 3211 diurni,

147 3216 186 3276 Et
200 3218 295 3289 credit,
309 3219 400 3275 donec
414 3217 495 3275 lassis
508 3217 695 3290 caedentibus,
708 3217 780 3275 EXI

147 3295 264 3354 intonet
277 3296 458 3368 horrendum,
469 3296 528 3372 jam
542 3295 705 3372 cognitione
719 3297 843 3372 peracta.

187 3375 358 3454 Praefectura
372 3374 473 3432 domus
488 3375 586 3432 Sicula
601 3394 658 3431 non
672 3375 765 3434 mitior
779 3375 854 3434 aula.
906 3439 908 3449 Ι

147 3453 225 3511 N'am
236 3453 260 3516 si
274 3453 419 3513 constituit
445 3454 580 3528 solitoque
594 3453 743 3512 decentius
757 3466 834 3532 optat

147 3511 265 3604 Ornail',
276 3542 305 3590 et
318 3543 456 3608 properat,
467 3533 581 3608 jamque
595 3544 773 3606 exspectatur
783 3534 813 3591 in
828 3533 924 3606 hortis,

148 3611 209 3669 Aut
222 3612 295 3688 apud
311 3610 410 3668 Isiacae
421 3609 515 3687 potius
528 3611 650 3668 sacraria
660 3611 733 3691 lene
741 3632 751 3683 ;¹

148 3688 281 3766 Disponit
294 3690 402 3746 crinem
417 3690 547 3748 laceratis
561 3690 621 3766 ipsa
635 3691 744 3766 capillis

148 3767 237 3826 Nuda
250 3769 367 3826 humero
380 3766 485 3828 Psecas
498 3767 607 3841 infelix,
621 3769 761 3844 nudisque
772 3767 912 3826 mamillis.
960 3837 963 3842 Ι
