2572 4200
549 239 672 287 sarran
690 239 764 287 xrv.
821 245 824 254 ¹
1107 243 1162 306 75Ι

148 379 301 452 Perfidus,
315 392 344 438 et
359 381 433 457 nigri
448 379 569 455 patietur
583 380 709 438 carceris
719 397 837 450 uncum,
907 379 910 388 '
1088 381 1148 439 245

161 461 222 516 Aut
236 459 321 516 maris
335 457 428 534 AEgaei
444 477 551 534 rupem,
566 457 753 534 scopulosque
768 457 930 532 frequentas

162 535 315 606 Exsulibus
329 537 448 610 magnis.
490 536 579 594 Poevna
590 535 728 610 gaudebis
743 537 839 592 amara

160 614 293 683 Nominis
308 614 404 685 invisi,
413 615 584 688 tandemque
598 613 721 670 fatebere
734 613 825 686 laetus,
849 631 852 644 ‘

154 689 226 748 Nec
240 694 357 748 surdum
371 692 583 749 nec'Piresiam
597 700 758 766 quenquam
772 711 834 750 esse
848 693 975 750 deorum.

335 977 366 1072 μ
427 1049 429 1054 ,
525 995 802 1064 εΑτιιιΑΧιν.’

201 1158 340 1218 Proerna
354 1172 429 1230 suut,
445 1158 580 1231 Fuscine,
595 1173 623 1218 et
639 1161 713 1218 fama
727 1162 815 1237 digua
828 1163 954 1236 sinistra,

161 1232 201 1295 Et
213 1238 311 1295 nitidis
325 1239 466 1300 maculam
480 1239 618 1295 haesuram
633 1239 748 1314 figentia
763 1241 856 1312 rebus,

160 1315 237 1376 Qum
251 1328 408 1373 monstrant
421 1316 473 1390 ipsi
484 1313 578 1391 pueris
591 1317 761 1391 traduntque
773 1331 913 1392 parentes.

97 1441 101 1447 .
152 1393 195 1448 δί
210 1393 346 1451 damnosa
361 1411 458 1451 senem
469 1394 548 1469 juvat
562 1395 632 1465 alea,
646 1395 719 1452 ludit
737 1397 870 1454 ethaeros
892 1438 895 1446 1

161 1471 299 1540 Bullatus,
314 1491 453 1547 parvoque
467 1472 566 1528 eadem
581 1483 673 1530 movet
683 1491 764 1538 arma
778 1475 880 1532 fritillo.

162 1548 226 1606 Neo
240 1549 340 1606 melius
353 1550 389 1606 de
403 1567 434 1604 se
447 1550 579 1624 cuiquam
593 1569 704 1625 sperare
718 1552 874 1628 propinquo

161 1627 309 1684 Concedet
319 1626 441 1701 juvenis,
455 1627 503 1700 qui
516 1628 615 1684 radere
628 1629 728 1686 tubera
740 1641 832 1702 terre,

161 1704 293 1761 Boletum
306 1705 433 1774 condire,
448 1716 477 1761 et
489 1706 592 1761 eodem
603 1706 666 1779 jura
680 1718 810 1764 natantes

161 1779 293 1857 Mergere
308 1779 444 1839 ficedulas
454 1782 563 1854 didicit,
578 1784 720 1841 nebulone
734 1795 861 1860 parente,

161 1857 199 1916 Et
213 1860 286 1916 aaut
297 1870 471 1917 monstrante
484 1860 559 1934 guli.
600 1861 701 1922 Quum
716 1863 852 1936 septimus
865 1881 959 1920 annus

161 1935 322 1994 Transierlt
334 1956 433 2012 puero,
447 1939 573 1994 noudum
587 1939 665 1994 omni
681 1940 766 2002 deute
780 1951 888 2011 renato,

161 2014 299 2072 Barbatos
312 2013 382 2076 licet
394 2016 544 2072 admoveas
557 2016 633 2072 mille
648 2017 715 2074 inde
730 2019 888 2093 magistros,

161 2091 242 2150 Hinc
255 2093 382 2164 totidem,
396 2093 492 2169 cupiet
505 2093 582 2151 lauto
594 2112 708 2151 coenare
722 2105 820 2170 paratu
842 2119 844 2124 ·

161 2169 291 2245 Semper,
306 2182 334 2227 et
347 2189 366 2227 a·
377 2171 482 2246 magud
496 2191 554 2230 non
568 2173 859 2246 degenerare-aulius.

160 2245 263 2308 Mitem
277 2251 403 2306 animum
417 2261 446 2306 et
460 2267 551 2306 mores
566 2249 684 2308 modicis
698 2252 838 2308 erroribus
851 2269 945 2326 aequos

159 2325 302 2403 Proecipit,
316 2340 399 2401 atque
413 2328 522 2384 animas
535 2347 679 2386 servorum
692 2340 720 2387 et
734 2343 851 2406 corpora
864 2329 960 2387 nostri

160 2403 283 2462 Materia
297 2417 426 2462 constare
439 2415 520 2480 putat
529 2406 700 2482 paribusque
714 2408 879 2477 elementis3

160 2482 209 2538 An
225 2482 322 2538 saevire
337 2483 419 2540 docet
433 2483 559 2554 Rutilus,
574 2485 622 2558 qui
636 2486 742 2559 gaudet
755 2485 857 2543 acerbo

161 2559 314 2634 Plagarum
329 2561 457 2634 strepitu,
470 2572 500 2617 et
514 2562 621 2618 nullam
636 2563 739 2620 Sirena
752 2563 870 2637 flagellis

161 2638 322 2712 Compar-at,
337 2638 506 2713 Antiphates
519 2639 620 2714 trepidi
632 2639 709 2710 laris,
724 2659 758 2697 ac
776 2640 975 2715 Polyphemus,

160 2715 241 2772 Tum
255 2715 329 2786 felix,
344 2716 453 2789 quoties
466 2716 565 2788 aliquis
579 2728 681 2774 tortore
694 2728 793 2774 vocato

160 2792 257 2850 Uritur
272 2793 382 2850 ardenti
396 2794 453 2849 duo
466 2805 577 2868 propter
590 2795 677 2851 lintea
691 2795 782 2852 serrol
812 2851 816 2860 ,

159 2869 242 2932 Quid
257 2871 358 2929 suadet
367 2871 465 2945 juveni
476 2871 557 2927 laetus
571 2872 689 2929 stridore
703 2881 822 2944 catenae,

159 2946 260 3009 Quem
273 2945 344 3004 mire
356 2947 487 3004 'afficiunt
500 2949 636 3024 inscripta
649 2952 800 3025 ergastula,
811 2969 909 3009 carcer

161 3025 321 3084 Rusticus?
360 3025 525 3102 Exspectas,
540 3038 569 3083 ut
584 3046 640 3085 non
655 3023 691 3084 sit
701 3029 828 3086 adultera
842 3028 944 3106 Larga

163 3101 249 3174 Filia,
264 3121 326 3177 quae
340 3119 484 3178 nunquam
499 3116 641 3164 maternos
654 3107 749 3164 dicere
763 3108 888 3176 moechos

162 3179 238 3238 Tam
252 3177 320 3250 citri,
335 3199 390 3236 nec
403 3190 481 3238 tanto
494 3182 596 3256 poterit
610 3193 763 3242 contexere
778 3202 874 3256 cursu,

162 3259 201 3316 Ut
214 3277 271 3318 non
286 3269 328 3316 ter
342 3258 438 3314 decies
452 3259 593 3332 respiretl
634 3261 759 3319 Conscia
773 3261 855 3321 matri

162 3336 252 3411 Virgo
266 3335 334 3393 fuit:
355 3353 435 3392 ceras
449 3355 528 3392 nuuc
542 3336 596 3394 hdo
610 3338 735 3396 dictante
748 3339 864 3413 pusillas

162 3413 277 3489 Implet,
290 3423 319 3469 et
330 3413 365 3470 ad
380 3413 505 3470 moechos
519 3414 567 3469 dat
580 3413 687 3475 eisdem
702 3417 773 3472 ferre
787 3415 913 3473 cinaedis.
947 3463 953 3473 .

163 3491 214 3548 Sic
228 3502 327 3548 natura
339 3489 437 3565 jubet:
452 3487 578 3548 velocids
588 3502 619 3547 et
631 3491 717 3550 citiris
730 3511 781 3549 nos

163 3568 359 3644 Corrumpunt
371 3566 501 3624 vitiorum
515 3569 644 3642 exempla
656 3571 821 3641 domestica,
835 3571 947 3645 magnis

161 3645 263 3707 Quum
278 3645 401 3702 subeunt
414 3645 703 3703 auimosauctoribus.
744 3646 825 3703 Unus
836 3657 866 3704 et
878 3648 948 3706 alter

156 3723 297 3806 'Forsitan
310 3723 372 3780 haec
386 3733 520 3798 spernant
529 3721 659 3797 juvenes,
673 3724 775 3797 quibus
789 3737 847 3782 arte
862 3722 989 3800 benigna
