2572 4200
566 261 689 342 sarran
706 267 766 316 vu.

98 396 101 404 ’
172 405 202 466 N
204 424 249 472 am
262 406 286 465 si
299 405 420 486 Virgilio
433 393 503 484 puer
516 418 545 465 et
558 407 704 464 tolerabile
718 407 829 464 deesset

172 485 344 560 Hospitium,
359 485 493 542 caderent
505 503 604 542 omnes
618 505 635 542 a
648 485 774 543 crinibus
786 485 883 563 hydrr:

172 563 265 620 Surda
276 564 347 620 nihil
362 573 583 638 gemeret-grave
598 563 728 619 buccina.
769 563 926 635 Poscimus,
940 575 972 622 ut
984 564 1022 622 sit

172 639 241 701 Non
255 641 347 698 minor
361 639 475 714 antiquo
489 641 644 716 Rubrenus
658 641 756 715 Lappa·
770 641 918 713 cothurno,

171 719 262 794 Cujus
276 729 305 776 ct
318 718 439 776 alveolos
451 729 480 774 et
493 719 594 775 laenam
607 719 737 794 pignerat
751 720 863 777 Atreus.
960 739 969 761 s

171 796 239 854 Non
253 797 338 854 habet
351 797 449 864 infelix
463 795 605 868 Nu'mitor,
620 795 695 870 quod
708 796 800 853 mittat
814 797 908 856 amico

170 874 320 934 Quintilla
333 875 408 948 quod
422 874 517 945 donet,
532 875 635 942 habet3
651 893 707 946 nec
720 875 809 932 defuit
823 874 873 947 illi,

171 951 254 1010 Unde
264 959 375 1009 ‘emeret
387 951 476 1009 multi
489 952 663 1026 pascendum
677 971 762 1010 carne
777 953 888 1014 leonem

171 1029 242 1105 larn-
250 1031 404 1090 domitum:
425 1039 534 1087 constat
543 1029 639 1086 leviori
654 1029 747 1086 bellua
760 1042 874 1106 sumptu

171 1107 324 1180 Nimirum,
338 1119 367 1164 et
380 1107 496 1182 capiunt
508 1107 572 1181 plus
585 1107 718 1164 intestina
731 1111 831 1182 poetae.

171 1183 332 1244 Contentus
345 1186 420 1242 fama
431 1184 525 1259 jaceat
538 1185 672 1240 Lucanus
685 1184 715 1241 in
729 1186 816 1243 hortis
831 1239 834 1242 .

172 1263 354 1324 Marmoreis:
376 1273 405 1319 at
418 1263 540 1323 Senam
553 1261 687 1336 tenuique
699 1263 797 1320 ¹Saleio

171 1341 268 1412 Gloria
280 1341 454 1416 quantalibet
467 1340 534 1414 quid
548 1341 610 1412 erit,
625 1341 647 1396 si
661 1340 750 1415 gloria
764 1339 874 1399 tantdm
888 1345 967 1400 estl'

171 1420 302 1478 Curritur
316 1420 351 1476 ad
365 1437 466 1476 vocem
474 1419 640 1492 jucundam,
655 1429 684 1474 et
696 1437 812 1476 carmen
827 1421 926 1477 amicae

171 1495 346 1566 Thebaidos,
357 1497 450 1553 laetam
464 1497 531 1553 secit
543 1515 630 1570 quurn
645 1497 750 1553 Statius
765 1497 874 1570 urbem,

155 1610 157 1614 ·
171 1574 357 1648 Promisitque
370 1573 462 1631 diem:
484 1575 562 1630 tan'tb
575 1574 726 1648 dulcedine
740 1586 837 1650 captos

172 1653 271 1710 Allicit
284 1652 333 1709 ille
346 1653 464 1723 animos,
477 1652 611 1726 tantique
624 1652 741 1709 libidine
760 1652 835 1728 vulgi

171 1731 296 1788 Auditur
308 1749 315 1798 ;
337 1730 396 1801 sed,
409 1747 496 1803 quum
510 1729 598 1804 fregit
604 1730 736 1786 subsellia
749 1748 842 1804 versu,

173 1807 279 1880 Esurit‚
294 1807 429 1865 intactam
442 1805 537 1864 Paridi
551 1807 605 1863 nisi
619 1806 722 1863 vendat
736 1808 864 1883 Agaven.
926 1823 932 1834 ·

172 1884 225 1942 Ille
239 1897 267 1942 et
281 1885 388 1942 militia
401 1884 497 1941 multis
510 1884 626 1959 largitur
639 1885 785 1956 honorem,

173 1963 308 2022 Semestri
318 1973 413 2020 vatum
422 1962 528 2037 digitos
541 1961 720 2036 circumligat
733 1980 811 2019 auro.

171 2039 259 2099 Quod
272 2058 330 2097 non
344 2040 413 2096 dant
424 2056 564 2114 proceres,
579 2039 657 2106 dabit
667 2039 772 2096 histrio.
813 2039 862 2096 'l'u
878 2039 1055 2114 Camerinos,
1108 2041 1149 2100 90

171 2117 210 2174 Et
223 2118 337 2188 Bareas,
350 2127 381 2173 tu
395 2115 531 2173 nobilium
544 2129 648 2191 magna
662 2117 732 2173 atria
745 2119 848 2174 curasl

172 2194 324 2253 Praet'ectos
337 2194 459 2270 Pelopea
472 2194 547 2265 facit,
562 2193 716 2268 Philomela
729 2195 864 2252 tribunos.

172 2270 258 2329 Haud
272 2284 367 2330 tamen
382 2271 507 2329 invideas
521 2272 585 2343 vati,
599 2290 682 2346 quem
696 2273 804 2348 pulpita
821 2285 948 2348 pascunt.

171 2349 248 2409 Quis
260 2350 311 2408 tibi
326 2350 492 2407 Macenasl
512 2350 575 2424 quis
588 2366 666 2406 nnnc
679 2351 732 2407 erit
745 2362 793 2407 aut
807 2350 981 2425 Proculeius,

173 2427 233 2484 Aut
247 2427 372 2486 Fabiusl
391 2427 454 2502 quis
467 2428 551 2484 Cotta
564 2427 688 2484 iterum?
709 2429 772 2502 quis
785 2427 924 2486 Lentulus
937 2431 1029 2488 alteri
1106 2431 1147 2488 95

172 2503 260 2562 Tunc
272 2522 323 2581 par
336 2505 451 2580 ingenio
464 2505 583 2579 pretium
594 2523 601 2560 :
614 2509 691 2563 'tunc
704 2507 773 2562 utile
787 2507 883 2564 multis

163 2581 291 2655 ‘Pallere,
305 2593 334 2640 et
347 2584 442 2640 vinum
456 2593 515 2640 toto
528 2583 639 2639 nescire
653 2583 813 2641 Decembri.

173 2669 174 2672 ’
211 2661 313 2718 Vester
325 2658 407 2736 porrb
422 2661 499 2717 labor
510 2661 682 2732 ¹foecundior,
697 2661 872 2718 historiarum
904 2694 910 2700 -

173 2739 345 2815 Scriptores:
365 2738 435 2814 petit
449 2739 496 2794 hic
509 2737 728 2812 plustemporis,
742 2749 825 2810 atque
838 2739 894 2795 olei
908 2739 988 2814 plus,

171 2814 201 2872 N
204 2835 303 2890 amque
317 2816 404 2872 oblita
417 2815 493 2872 modi
507 2814 656 2872 millesima
673 2815 776 2890 pagina
789 2816 878 2892 surgit
1055 2813 1057 2818 ’
1091 2816 1155 2889 100Ι

163 2892 322 2965 omnibus,
336 2904 364 2950 et
378 2893 468 2950 multe
481 2893 585 2951 crescit
598 2894 733 2950 damnosa
745 2905 857 2968 papyro.
886 2951 889 2957 ,

171 2971 222 3028 Sic
235 2972 336 3047 ingens
350 2990 443 3029 rerum
457 2989 593 3027 numerus
604 2971 693 3046 jubet,
707 2983 790 3046 atque
804 2991 920 3046 operum
934 2972 988 3030 lex.

170 3048 247 3109 Quae
260 3059 354 3106 tamen
369 3049 435 3107 inde
449 3051 552 3124 aegest
573 3060 653 3106 terrae
666 3049 729 3124 quis
743 3049 851 3106 fructus
864 3053 989 3126 apertael

170 3125 246 3187 Quis
260 3127 337 3183 dabit
351 3127 494 3198 historico,
507 3137 645 3200 quantum
658 3128 738 3183 daret
751 3138 814 3183 acta
827 3127 932 3203 legenti
944 3129 957 3184 l

172 3203 228 3260 Sed
242 3221 333 3279 genus
347 3205 489 3280 ignarum,
503 3205 577 3279 quod
590 3203 665 3262 lecto
677 3203 782 3280 gaudet
794 3215 823 3261 et
836 3206 944 3262 umbrat.
1089 3205 1147 3263 tot

209 3280 265 3338 Dic
279 3282 374 3358 igitur,
388 3282 455 3357 quid
469 3282 622 3339 causidicis
635 3281 727 3338 civilia
740 3292 872 3356 praestent

170 3359 282 3431 Officio,
296 3369 325 3416 et
335 3379 438 3436 magno
452 3360 569 3416 comites
581 3359 611 3415 in
626 3359 701 3416 fasce
715 3359 825 3416 libellil

170 3434 229 3511 Ipsi
242 3455 347 3512 magna
360 3446 471 3506 sonant,
485 3434 534 3493 sed
548 3447 627 3508 tunc,
638 3455 725 3511 quum
739 3437 861 3492 creditor
872 3435 959 3507 audit,

170 3513 328 3590 Praecipue,
343 3515 386 3572 vel
400 3514 424 3570 si
437 3514 530 3588 tetigit
542 3514 617 3570 latus
631 3515 722 3570 acrior
735 3512 793 3583 illo,

168 3589 230 3652 Qut
246 3592 323 3649 venit
336 3592 372 3649 ad
386 3591 504 3647 dubium
517 3591 617 3665 grandi
631 3609 698 3647 cunr
710 3589 809 3645 codice
823 3605 935 3646 nomen.
1089 3589 1146 3648 110

170 3665 256 3725 Tunc
270 3667 408 3725 iinmensa
422 3668 484 3724 cavi
498 3667 604 3742 spirant
620 3665 770 3723 mendacia
783 3666 871 3737 folles,

140 3783 143 3791 ι
169 3744 396 3824 Conspuiturque
410 3745 497 3802 sinus.
537 3743 644 3800 Verani
657 3741 833 3820 deprendere
846 3761 967 3801 messem
