2614 4186
366 646 399 720 r
457 640 687 720 rnnsn
733 644 983 722 rancor

559 881 791 949 SATIRAE.
913 921 917 928 ·

586 1289 771 1348 Pnttnouus.

383 1431 454 1510 Nnc
465 1431 547 1489 sonte
556 1431 635 1488 labra
648 1431 738 1508 prolui
749 1432 900 1506 caballino,

235 1548 237 1553 ·
344 1511 445 1587 Neque
459 1509 489 1568 in
503 1509 612 1585 bicipiti
623 1511 778 1568 somnidsse
792 1510 932 1571 Parnasso

346 1589 477 1660 Memini,
491 1599 522 1645 ut
536 1586 651 1664 repente
666 1589 708 1644 sic
722 1593 807 1664 poeta
820 1591 969 1664 prodirem.
1078 1613 1085 1629 ⁴·

344 1667 585 1741 Heliconidesque
598 1665 786 1742 pallidamque
801 1667 923 1726 Pirenen

345 1743 406 1803 Illis
418 1744 541 1815 remitto,
554 1761 674 1818 quorum
690 1745 828 1820 imagines
842 1746 971 1806 lambunt

346 1823 469 1882 Hederae
483 1840 636 1896 sequaces:
659 1823 718 1897 ipse
732 1822 933 1897 semipaganus

236 1919 237 1924 ’
346 1902 393 1960 Ad
407 1919 488 1958 sacra
502 1914 596 1955 vatum
609 1917 725 1956 carmen
742 1899 828 1956 affero
842 1912 977 1967 nostrum.

344 1979 422 2040 Quis
432 1977 577 2053 expedivit
590 1978 709 2052 psittaco
723 1995 805 2033 suurn
819 1981 920 2055 an‘gsf

310 2072 312 2077 ·
345 2057 484 2131 l’icasque
499 2055 595 2112 docuit
609 2055 693 2111 rerba
707 2065 803 2113 nostra
816 2057 933 2114 conaril

347 2135 483 2210 Magister
499 2133 566 2189 artis
581 2133 733 2208 ingenique
747 2134 860 2210 largitor

345 2213 464 2284 Venter,
478 2222 595 2286 negatas
610 2212 710 2269 artifex
723 2212 801 2288 sequi
815 2226 907 2270 uoces.

345 2287 435 2352 Quod
448 2289 473 2345 si
486 2289 575 2346 dolosi
589 2309 653 2366 spes
666 2291 806 2348 refulserit
820 2291 939 2364 nummi,

345 2369 453 2426 Corvus
465 2370 563 2442 potus
576 2380 605 2426 et
618 2368 742 2445 poetriae
756 2369 835 2444 picas

346 2447 470 2505 Contere
484 2447 584 2504 credas
598 2447 768 2523 Pegaseium
783 2458 890 2505 nectar.

529 2773 531 2781 ·
577 2756 734 2815 SATIRA
758 2757 782 2815 Ι.

97 2977 99 2986 .
230 2916 276 2975 ⁴0
289 2933 383 2974 conns
398 2914 560 2974 hominnm!
583 2913 611 2971 Ο
625 2926 761 2989 quantum
775 2926 819 2973 est
833 2914 862 2972 in
876 2916 961 2973 rebus
975 2916 1077 2974 inauel

189 2994 268 3056 Quis
281 2994 357 3070 leget
370 2993 460 3050 hecl'
483 2991 555 3050 Min'
567 3004 598 3050 tu
607 2993 681 3050 istud
693 2993 756 3050 aisl
777 2992 890 3052 ‘Nemo
900 2994 1034 3052 hercule!
1056 2993 1171 3054 Nemol

191 3072 266 3131 ‘Vel
280 3073 348 3142 duo,
362 3071 404 3129 rel
419 3089 518 3128 uerno:
539 3082 619 3148 turpe
633 3082 662 3128 et
675 3071 852 3139 miserabile)
893 3072 1014 3133 Quare?

191 3149 239 3208 Ne
253 3150 323 3208 mihi
337 3149 507 3224 Pulydamas
520 3161 549 3206 et
561 3149 703 3206 Troiades
717 3149 879 3207 Labeonem

191 3227 391 3286 Praetuleriutl
412 3244 512 3302 nugae:
535 3245 602 3298 πιοιι,Ι
617 3227 640 3284 si
654 3227 721 3301 quid
733 3227 845 3286 turbida
860 3228 952 3286 Roma
1150 3231 1171 3286 5

191 3305 301 3378 Elevet,
317 3305 448 3375 accedas,
463 3321 617 3362 enemente
631 3305 832 3382 improbumin
848 3305 906 3382 illd¹

191 3385 323 3460 castiges
334 3383 440 3441 trutina
453 3401 459 3437 ι
480 3399 535 3438 uec
549 3393 577 3438 te
590 3382 750 3456 quesiveris
763 3381 852 3441 extrd.

191 3461 269 3521 Nam
283 3459 386 3518 Rome
401 3459 464 3534 quis
477 3459 555 3515 nont
576 3460 622 3530 ah,
637 3459 660 3516 si
675 3460 718 3518 sae
731 3461 840 3518 dicerel
862 3461 910 3518 sed
927 3459 969 3518 fus

192 3541 291 3612 Tunc,
305 3557 391 3614 quum
406 3538 441 3594 ad
456 3535 590 3592 canitiem
603 3548 632 3594 et
646 3550 771 3610 nostrum
786 3539 860 3596 istud
875 3537 966 3596 vivere
979 3538 1059 3595 triste

192 3617 311 3696 Aspen,
327 3627 356 3673 et
370 3615 492 3673 nucibus
505 3613 815 3692 facimusquaecnnque
836 3611 952 3689 relictis,
1111 3651 1115 3662 ·
1137 3617 1174 3674 lu

191 3697 298 3759 Quum
308 3694 434 3770 sapimus
445 3702 574 3768 patruos:
596 3701 676 3762 tunc,
689 3701 769 3764 tnnc,
785 3694 932 3768 ignoscite.
973 3690 1084 3751 ‘Nolo'

191 3773 274 3838 Quid
287 3771 412 3830 laciarnl
432 3769 482 3826 sed
496 3787 558 3826 sum
573 3769 710 3847 petulanti
724 3770 822 3848 splene
835 3774 986 3832 cachinno.
