<?xml version="1.0" encoding="UTF-8"?>
<!DOCTYPE html PUBLIC "-//W3C//DTD XHTML 1.0 Transitional//EN"
    "http://www.w3.org/TR/xhtml1/DTD/xhtml1-transitional.dtd">
<html xmlns="http://www.w3.org/1999/xhtml" xml:lang="en" lang="en">
 <head>
  <title>
</title>
<meta http-equiv="Content-Type" content="text/html;charset=utf-8" />
  <meta name='ocr-system' content='tesseract 3.04.00' />
  <meta name='ocr-capabilities' content='ocr_page ocr_carea ocr_par ocr_line ocrx_word'/>
</head>
<body>
  <div class='ocr_page' id='page_1' title='image "./decimijuniijuve01levegoog_0014.png"; bbox 0 0 2572 4200; ppageno 0'>
   <div class='ocr_carea' id='block_1_1' title="bbox 130 247 802 308">
    <p class='ocr_par' dir='ltr' id='par_1_1' title="bbox 130 247 802 308">
     <span class='ocr_line' id='line_1_1' title="bbox 130 247 802 308; baseline 0 -12"><span class='ocrx_word' id='word_1_1' title='bbox 130 251 153 308; x_wconf 72' lang='lat'><strong>0</strong></span> <span class='ocrx_word' id='word_1_2' title='bbox 443 249 475 296; x_wconf 90' lang='lat' dir='ltr'>D.</span> <span class='ocrx_word' id='word_1_3' title='bbox 492 249 507 296; x_wconf 87' lang='lat' dir='ltr'>J</span> <span class='ocrx_word' id='word_1_4' title='bbox 512 249 590 296; x_wconf 92' lang='lat' dir='ltr'><strong>UNII</strong></span> <span class='ocrx_word' id='word_1_5' title='bbox 606 247 802 296; x_wconf 80' lang='lat' dir='ltr'>JUVENALIS</span> 
     </span>
    </p>
   </div>
   <div class='ocr_carea' id='block_1_2' title="bbox 52 387 981 3662">
    <p class='ocr_par' dir='ltr' id='par_1_2' title="bbox 131 387 781 466">
     <span class='ocr_line' id='line_1_2' title="bbox 131 387 781 466; baseline 0 -20"><span class='ocrx_word' id='word_1_6' title='bbox 131 387 270 464; x_wconf 87' lang='lat' dir='ltr'>Nunqnid</span> <span class='ocrx_word' id='word_1_7' title='bbox 284 410 336 448; x_wconf 91' lang='lat' dir='ltr'>nos</span> <span class='ocrx_word' id='word_1_8' title='bbox 350 391 460 466; x_wconf 79' lang='lat' dir='ltr'>agimus</span> <span class='ocrx_word' id='word_1_9' title='bbox 473 390 593 446; x_wconf 87' lang='lat' dir='ltr'>causasl</span> <span class='ocrx_word' id='word_1_10' title='bbox 613 389 706 446; x_wconf 87' lang='lat' dir='ltr'>civilia</span> <span class='ocrx_word' id='word_1_11' title='bbox 717 389 781 464; x_wconf 87' lang='lat' dir='ltr'>jura</span> 
     </span>
    </p>

    <p class='ocr_par' dir='ltr' id='par_1_3' title="bbox 131 467 916 542">
     <span class='ocr_line' id='line_1_3' title="bbox 131 467 916 542; baseline -0.003 -16"><span class='ocrx_word' id='word_1_12' title='bbox 131 467 293 526; x_wconf 82' lang='lat' dir='ltr'>Novimust</span> <span class='ocrx_word' id='word_1_13' title='bbox 314 481 362 526; x_wconf 85' lang='lat' dir='ltr'>aut</span> <span class='ocrx_word' id='word_1_14' title='bbox 377 468 435 524; x_wconf 92' lang='lat' dir='ltr'>ullo</span> <span class='ocrx_word' id='word_1_15' title='bbox 448 469 564 542; x_wconf 85' lang='lat' dir='ltr'>strepitu</span> <span class='ocrx_word' id='word_1_16' title='bbox 579 468 637 523; x_wconf 88' lang='lat' dir='ltr'>sora</span> <span class='ocrx_word' id='word_1_17' title='bbox 647 479 739 524; x_wconf 84' lang='lat' dir='ltr'>vestra</span> <span class='ocrx_word' id='word_1_18' title='bbox 753 467 916 524; x_wconf 86' lang='lat' dir='ltr'>movemusl</span> 
     </span>
    </p>

    <p class='ocr_par' dir='ltr' id='par_1_4' title="bbox 132 544 855 621">
     <span class='ocr_line' id='line_1_4' title="bbox 132 544 855 621; baseline -0.003 -19"><span class='ocrx_word' id='word_1_19' title='bbox 132 545 291 605; x_wconf 90' lang='lat' dir='ltr'>Luctantur</span> <span class='ocrx_word' id='word_1_20' title='bbox 305 565 423 621; x_wconf 81' lang='lat' dir='ltr'>paucae3</span> <span class='ocrx_word' id='word_1_21' title='bbox 445 547 598 602; x_wconf 91' lang='lat' dir='ltr'>comedunt</span> <span class='ocrx_word' id='word_1_22' title='bbox 612 544 735 620; x_wconf 77' lang='lat' dir='ltr'>coliphia</span> <span class='ocrx_word' id='word_1_23' title='bbox 748 563 855 621; x_wconf 81' lang='lat' dir='ltr'>paucae.</span> 
     </span>
    </p>

    <p class='ocr_par' dir='ltr' id='par_1_5' title="bbox 130 621 870 697">
     <span class='ocr_line' id='line_1_5' title="bbox 130 621 870 697; baseline -0.004 -16"><span class='ocrx_word' id='word_1_24' title='bbox 130 623 191 682; x_wconf 80' lang='lat' dir='ltr'>Vos</span> <span class='ocrx_word' id='word_1_25' title='bbox 205 625 298 681; x_wconf 88' lang='lat' dir='ltr'>lanam</span> <span class='ocrx_word' id='word_1_26' title='bbox 313 625 432 694; x_wconf 82' lang='lat' dir='ltr'>trahitis,</span> <span class='ocrx_word' id='word_1_27' title='bbox 447 623 621 696; x_wconf 79' lang='lat' dir='ltr'>calathisque</span> <span class='ocrx_word' id='word_1_28' title='bbox 634 634 748 697; x_wconf 85' lang='lat' dir='ltr'>peracta</span> <span class='ocrx_word' id='word_1_29' title='bbox 761 621 870 678; x_wconf 84' lang='lat' dir='ltr'>refertis</span> 
     </span>
    </p>

    <p class='ocr_par' dir='ltr' id='par_1_6' title="bbox 131 700 916 776">
     <span class='ocr_line' id='line_1_6' title="bbox 131 700 916 776; baseline -0.005 -17"><span class='ocrx_word' id='word_1_30' title='bbox 131 700 264 759; x_wconf 81' lang='lat' dir='ltr'>Vellera:</span> <span class='ocrx_word' id='word_1_31' title='bbox 287 723 335 760; x_wconf 90' lang='lat' dir='ltr'>vos</span> <span class='ocrx_word' id='word_1_32' title='bbox 350 700 429 760; x_wconf 89' lang='lat' dir='ltr'>tenui</span> <span class='ocrx_word' id='word_1_33' title='bbox 444 711 635 776; x_wconf 72' lang='lat' dir='ltr'>praegnantem</span> <span class='ocrx_word' id='word_1_34' title='bbox 651 701 770 757; x_wconf 88' lang='lat' dir='ltr'>stamine</span> <span class='ocrx_word' id='word_1_35' title='bbox 785 700 877 756; x_wconf 86' lang='lat' dir='ltr'>susum</span> <span class='ocrx_word' id='word_1_36' title='bbox 914 717 916 722; x_wconf 63' lang='grc'><em>“</em></span> 
     </span>
    </p>

    <p class='ocr_par' dir='ltr' id='par_1_7' title="bbox 132 776 813 854">
     <span class='ocr_line' id='line_1_7' title="bbox 132 776 813 854; baseline -0.004 -18"><span class='ocrx_word' id='word_1_37' title='bbox 132 779 274 854; x_wconf 85' lang='lat' dir='ltr'>Penelope</span> <span class='ocrx_word' id='word_1_38' title='bbox 287 777 400 850; x_wconf 78' lang='lat' dir='ltr'>melitis,</span> <span class='ocrx_word' id='word_1_39' title='bbox 414 776 504 835; x_wconf 77' lang='lat' dir='ltr'>levitis</span> <span class='ocrx_word' id='word_1_40' title='bbox 519 778 653 851; x_wconf 88' lang='lat' dir='ltr'>torquetis</span> <span class='ocrx_word' id='word_1_41' title='bbox 667 778 813 844; x_wconf 78' lang='lat' dir='ltr'>Arachne,</span> 
     </span>
    </p>

    <p class='ocr_par' dir='ltr' id='par_1_8' title="bbox 132 855 981 1008">
     <span class='ocr_line' id='line_1_8' title="bbox 132 855 981 934; baseline -0.004 -20"><span class='ocrx_word' id='word_1_42' title='bbox 132 857 351 932; x_wconf 83' lang='lat' dir='ltr'>Horridaquale</span> <span class='ocrx_word' id='word_1_43' title='bbox 365 857 432 914; x_wconf 83' lang='lat' dir='ltr'>facit</span> <span class='ocrx_word' id='word_1_44' title='bbox 445 857 571 913; x_wconf 82' lang='lat' dir='ltr'>residens</span> <span class='ocrx_word' id='word_1_45' title='bbox 585 855 612 911; x_wconf 93' lang='lat' dir='ltr'>in</span> <span class='ocrx_word' id='word_1_46' title='bbox 628 857 726 912; x_wconf 90' lang='lat' dir='ltr'>codice</span> <span class='ocrx_word' id='word_1_47' title='bbox 740 856 839 931; x_wconf 84' lang='lat' dir='ltr'>pellex.</span> <span class='ocrx_word' id='word_1_48' title='bbox 937 857 981 938; x_wconf 61' lang='lat' dir='ltr'>gl</span> 
     </span>
     <span class='ocr_line' id='line_1_9' title="bbox 171 933 884 1008; baseline -0.003 -17"><span class='ocrx_word' id='word_1_49' title='bbox 171 935 279 993; x_wconf 93' lang='lat' dir='ltr'>Notum</span> <span class='ocrx_word' id='word_1_50' title='bbox 293 947 345 1004; x_wconf 90' lang='lat' dir='ltr'>est,</span> <span class='ocrx_word' id='word_1_51' title='bbox 360 954 410 991; x_wconf 91' lang='lat' dir='ltr'>cur</span> <span class='ocrx_word' id='word_1_52' title='bbox 424 934 484 990; x_wconf 90' lang='lat' dir='ltr'>solo</span> <span class='ocrx_word' id='word_1_53' title='bbox 496 933 605 991; x_wconf 86' lang='lat' dir='ltr'>tabulas</span> <span class='ocrx_word' id='word_1_54' title='bbox 619 933 774 1008; x_wconf 79' lang='lat' dir='ltr'>impleverit</span> <span class='ocrx_word' id='word_1_55' title='bbox 787 933 884 992; x_wconf 85' lang='lat' dir='ltr'>Hister</span> 
     </span>
    </p>

    <p class='ocr_par' dir='ltr' id='par_1_9' title="bbox 131 1012 771 1086">
     <span class='ocr_line' id='line_1_10' title="bbox 131 1012 771 1086; baseline -0.003 -16"><span class='ocrx_word' id='word_1_56' title='bbox 131 1013 262 1081; x_wconf 84' lang='lat' dir='ltr'>Liberto;</span> <span class='ocrx_word' id='word_1_57' title='bbox 285 1013 394 1070; x_wconf 89' lang='lat' dir='ltr'>dederit</span> <span class='ocrx_word' id='word_1_58' title='bbox 407 1013 486 1069; x_wconf 84' lang='lat' dir='ltr'>vivus</span> <span class='ocrx_word' id='word_1_59' title='bbox 497 1031 547 1068; x_wconf 91' lang='lat' dir='ltr'>our</span> <span class='ocrx_word' id='word_1_60' title='bbox 561 1012 651 1068; x_wconf 88' lang='lat' dir='ltr'>multa</span> <span class='ocrx_word' id='word_1_61' title='bbox 663 1012 771 1086; x_wconf 82' lang='lat' dir='ltr'>puellae.</span> 
     </span>
    </p>

    <p class='ocr_par' dir='ltr' id='par_1_10' title="bbox 132 1091 800 1166">
     <span class='ocr_line' id='line_1_11' title="bbox 132 1091 800 1166; baseline 0 -19"><span class='ocrx_word' id='word_1_62' title='bbox 132 1091 220 1148; x_wconf 86' lang='lat' dir='ltr'>Dives</span> <span class='ocrx_word' id='word_1_63' title='bbox 234 1091 297 1162; x_wconf 86' lang='lat' dir='ltr'>erit,</span> <span class='ocrx_word' id='word_1_64' title='bbox 311 1111 415 1166; x_wconf 85' lang='lat' dir='ltr'>magno</span> <span class='ocrx_word' id='word_1_65' title='bbox 428 1109 490 1165; x_wconf 80' lang='lat' dir='ltr'>quae</span> <span class='ocrx_word' id='word_1_66' title='bbox 505 1091 608 1148; x_wconf 84' lang='lat' dir='ltr'>dormit</span> <span class='ocrx_word' id='word_1_67' title='bbox 622 1091 703 1146; x_wconf 71' lang='lat' dir='ltr'>tertia</span> <span class='ocrx_word' id='word_1_68' title='bbox 718 1091 800 1147; x_wconf 91' lang='lat' dir='ltr'>lecto.</span> 
     </span>
    </p>

    <p class='ocr_par' dir='ltr' id='par_1_11' title="bbox 131 1169 878 1250">
     <span class='ocr_line' id='line_1_12' title="bbox 131 1169 878 1250; baseline -0.003 -24"><span class='ocrx_word' id='word_1_69' title='bbox 131 1169 179 1226; x_wconf 82' lang='lat' dir='ltr'>Tu</span> <span class='ocrx_word' id='word_1_70' title='bbox 195 1171 280 1241; x_wconf 87' lang='lat' dir='ltr'>nube,</span> <span class='ocrx_word' id='word_1_71' title='bbox 295 1181 377 1250; x_wconf 85' lang='lat' dir='ltr'>atque</span> <span class='ocrx_word' id='word_1_72' title='bbox 391 1182 471 1226; x_wconf 89' lang='lat' dir='ltr'>tace:</span> <span class='ocrx_word' id='word_1_73' title='bbox 492 1169 599 1226; x_wconf 88' lang='lat' dir='ltr'>donant</span> <span class='ocrx_word' id='word_1_74' title='bbox 613 1187 716 1225; x_wconf 86' lang='lat' dir='ltr'>arcana</span> <span class='ocrx_word' id='word_1_75' title='bbox 729 1169 878 1243; x_wconf 82' lang='lat' dir='ltr'>cylindros.</span> 
     </span>
    </p>

    <p class='ocr_par' dir='ltr' id='par_1_12' title="bbox 131 1245 942 1322">
     <span class='ocr_line' id='line_1_13' title="bbox 131 1245 942 1322; baseline -0.004 -18"><span class='ocrx_word' id='word_1_76' title='bbox 131 1247 177 1304; x_wconf 91' lang='lat' dir='ltr'>De</span> <span class='ocrx_word' id='word_1_77' title='bbox 191 1248 272 1305; x_wconf 89' lang='lat' dir='ltr'>nobis</span> <span class='ocrx_word' id='word_1_78' title='bbox 285 1259 348 1322; x_wconf 90' lang='lat' dir='ltr'>post</span> <span class='ocrx_word' id='word_1_79' title='bbox 361 1249 423 1304; x_wconf 75' lang='lat' dir='ltr'>hnc</span> <span class='ocrx_word' id='word_1_80' title='bbox 437 1247 523 1303; x_wconf 87' lang='lat' dir='ltr'>tristis</span> <span class='ocrx_word' id='word_1_81' title='bbox 537 1247 678 1304; x_wconf 88' lang='lat' dir='ltr'>sententia</span> <span class='ocrx_word' id='word_1_82' title='bbox 693 1247 794 1304; x_wconf 83' lang='lat' dir='ltr'>fertur:</span> <span class='ocrx_word' id='word_1_83' title='bbox 940 1245 942 1250; x_wconf 78' lang='grc'><em>’</em></span> 
     </span>
    </p>

    <p class='ocr_par' dir='ltr' id='par_1_13' title="bbox 131 1324 824 1395">
     <span class='ocr_line' id='line_1_14' title="bbox 131 1324 824 1395; baseline -0.004 -13"><span class='ocrx_word' id='word_1_84' title='bbox 131 1324 189 1382; x_wconf 82' lang='lat' dir='ltr'>Dat</span> <span class='ocrx_word' id='word_1_85' title='bbox 202 1325 313 1381; x_wconf 88' lang='lat' dir='ltr'>veniam</span> <span class='ocrx_word' id='word_1_86' title='bbox 328 1325 428 1395; x_wconf 87' lang='lat' dir='ltr'>corvis,</span> <span class='ocrx_word' id='word_1_87' title='bbox 442 1335 524 1380; x_wconf 84' lang='lat' dir='ltr'>vexat</span> <span class='ocrx_word' id='word_1_88' title='bbox 538 1342 658 1382; x_wconf 77' lang='lat' dir='ltr'>censura</span> <span class='ocrx_word' id='word_1_89' title='bbox 672 1324 824 1380; x_wconf 89' lang='lat' dir='ltr'>columbas.</span> 
     </span>
    </p>

    <p class='ocr_par' dir='ltr' id='par_1_14' title="bbox 52 1402 904 2024">
     <span class='ocr_line' id='line_1_15' title="bbox 52 1402 890 1478; baseline -0.004 -19"><span class='ocrx_word' id='word_1_90' title='bbox 52 1473 54 1478; x_wconf 21' lang='grc' dir='ltr'>ι</span> <span class='ocrx_word' id='word_1_91' title='bbox 171 1403 320 1478; x_wconf 85' lang='lat' dir='ltr'>Fugerunt</span> <span class='ocrx_word' id='word_1_92' title='bbox 333 1403 435 1475; x_wconf 87' lang='lat' dir='ltr'>trepidi</span> <span class='ocrx_word' id='word_1_93' title='bbox 450 1421 514 1458; x_wconf 87' lang='lat' dir='ltr'>vera</span> <span class='ocrx_word' id='word_1_94' title='bbox 528 1420 562 1457; x_wconf 87' lang='lat' dir='ltr'>ac</span> <span class='ocrx_word' id='word_1_95' title='bbox 576 1402 726 1458; x_wconf 82' lang='lat' dir='ltr'>manifesta</span> <span class='ocrx_word' id='word_1_96' title='bbox 740 1413 890 1458; x_wconf 85' lang='lat' dir='ltr'>canentem</span> 
     </span>
     <span class='ocr_line' id='line_1_16' title="bbox 132 1476 904 1554; baseline -0.001 -17"><span class='ocrx_word' id='word_1_97' title='bbox 132 1481 276 1538; x_wconf 68' lang='lat' dir='ltr'>Stoicidae.</span> <span class='ocrx_word' id='word_1_98' title='bbox 317 1481 397 1540; x_wconf 80' lang='lat' dir='ltr'>Quid</span> <span class='ocrx_word' id='word_1_99' title='bbox 411 1479 488 1536; x_wconf 93' lang='lat' dir='ltr'>enim</span> <span class='ocrx_word' id='word_1_100' title='bbox 504 1480 564 1536; x_wconf 88' lang='lat' dir='ltr'>falsi</span> <span class='ocrx_word' id='word_1_101' title='bbox 574 1476 741 1535; x_wconf 83' lang='lat' dir='ltr'>Lauronial</span> <span class='ocrx_word' id='word_1_102' title='bbox 764 1480 823 1536; x_wconf 84' lang='lat' dir='ltr'>Sed</span> <span class='ocrx_word' id='word_1_103' title='bbox 836 1479 904 1554; x_wconf 90' lang='lat' dir='ltr'>quid</span> 
     </span>
     <span class='ocr_line' id='line_1_17' title="bbox 131 1557 791 1632; baseline -0.006 -16"><span class='ocrx_word' id='word_1_104' title='bbox 131 1557 198 1616; x_wconf 92' lang='lat' dir='ltr'>Non</span> <span class='ocrx_word' id='word_1_105' title='bbox 214 1559 318 1616; x_wconf 91' lang='lat' dir='ltr'>sacient</span> <span class='ocrx_word' id='word_1_106' title='bbox 332 1558 389 1627; x_wconf 88' lang='lat' dir='ltr'>alii,</span> <span class='ocrx_word' id='word_1_107' title='bbox 400 1577 486 1632; x_wconf 91' lang='lat' dir='ltr'>quum</span> <span class='ocrx_word' id='word_1_108' title='bbox 501 1569 531 1613; x_wconf 92' lang='lat' dir='ltr'>tu</span> <span class='ocrx_word' id='word_1_109' title='bbox 545 1557 672 1614; x_wconf 88' lang='lat' dir='ltr'>multicia</span> <span class='ocrx_word' id='word_1_110' title='bbox 686 1575 791 1626; x_wconf 88' lang='lat' dir='ltr'>sumas,</span> 
     </span>
     <span class='ocr_line' id='line_1_18' title="bbox 131 1635 881 1710; baseline -0.003 -18"><span class='ocrx_word' id='word_1_111' title='bbox 131 1637 254 1707; x_wconf 84' lang='lat' dir='ltr'>Cretica,</span> <span class='ocrx_word' id='word_1_112' title='bbox 269 1647 298 1692; x_wconf 90' lang='lat' dir='ltr'>et</span> <span class='ocrx_word' id='word_1_113' title='bbox 312 1637 386 1692; x_wconf 90' lang='lat' dir='ltr'>hanc</span> <span class='ocrx_word' id='word_1_114' title='bbox 400 1648 503 1696; x_wconf 77' lang='lat' dir='ltr'>vestem</span> <span class='ocrx_word' id='word_1_115' title='bbox 518 1637 621 1710; x_wconf 90' lang='lat' dir='ltr'>populo</span> <span class='ocrx_word' id='word_1_116' title='bbox 634 1635 753 1691; x_wconf 89' lang='lat' dir='ltr'>mirante</span> <span class='ocrx_word' id='word_1_117' title='bbox 768 1653 881 1708; x_wconf 92' lang='lat' dir='ltr'>perores</span> 
     </span>
     <span class='ocr_line' id='line_1_19' title="bbox 131 1709 882 1784; baseline -0.003 -14"><span class='ocrx_word' id='word_1_118' title='bbox 131 1713 167 1770; x_wconf 93' lang='lat' dir='ltr'>ln</span> <span class='ocrx_word' id='word_1_119' title='bbox 181 1714 324 1784; x_wconf 88' lang='lat' dir='ltr'>Proculas,</span> <span class='ocrx_word' id='word_1_120' title='bbox 339 1726 367 1770; x_wconf 88' lang='lat' dir='ltr'>et</span> <span class='ocrx_word' id='word_1_121' title='bbox 380 1714 515 1771; x_wconf 85' lang='lat' dir='ltr'>Pollitasl</span> <span class='ocrx_word' id='word_1_122' title='bbox 556 1713 607 1770; x_wconf 86' lang='lat' dir='ltr'>Est</span> <span class='ocrx_word' id='word_1_123' title='bbox 622 1714 732 1768; x_wconf 88' lang='lat' dir='ltr'>moecha</span> <span class='ocrx_word' id='word_1_124' title='bbox 748 1709 882 1770; x_wconf 76' lang='lat' dir='ltr'>Iabulla:</span> 
     </span>
     <span class='ocr_line' id='line_1_20' title="bbox 133 1790 759 1862; baseline -0.002 -13"><span class='ocrx_word' id='word_1_125' title='bbox 133 1791 298 1862; x_wconf 66' lang='lat' dir='ltr'>Damnem,</span> <span class='ocrx_word' id='word_1_126' title='bbox 312 1793 336 1849; x_wconf 86' lang='lat' dir='ltr'>si</span> <span class='ocrx_word' id='word_1_127' title='bbox 350 1792 400 1862; x_wconf 89' lang='lat' dir='ltr'>vis,</span> <span class='ocrx_word' id='word_1_128' title='bbox 414 1792 499 1848; x_wconf 86' lang='lat' dir='ltr'>etiam</span> <span class='ocrx_word' id='word_1_129' title='bbox 514 1790 654 1849; x_wconf 84' lang='lat' dir='ltr'>Carfinia:</span> <span class='ocrx_word' id='word_1_130' title='bbox 675 1791 759 1848; x_wconf 87' lang='lat' dir='ltr'>talem</span> 
     </span>
     <span class='ocr_line' id='line_1_21' title="bbox 131 1868 884 1946; baseline -0.003 -18"><span class='ocrx_word' id='word_1_131' title='bbox 131 1869 198 1928; x_wconf 88' lang='lat' dir='ltr'>Non</span> <span class='ocrx_word' id='word_1_132' title='bbox 213 1882 306 1927; x_wconf 88' lang='lat' dir='ltr'>sumet</span> <span class='ocrx_word' id='word_1_133' title='bbox 318 1871 451 1927; x_wconf 89' lang='lat' dir='ltr'>damnata</span> <span class='ocrx_word' id='word_1_134' title='bbox 464 1881 566 1946; x_wconf 84' lang='lat' dir='ltr'>togam.</span> <span class='ocrx_word' id='word_1_135' title='bbox 610 1870 667 1926; x_wconf 86' lang='lat' dir='ltr'>Sed</span> <span class='ocrx_word' id='word_1_136' title='bbox 681 1868 776 1925; x_wconf 87' lang='lat' dir='ltr'>Julius</span> <span class='ocrx_word' id='word_1_137' title='bbox 789 1869 884 1937; x_wconf 90' lang='lat' dir='ltr'>ardet,</span> 
     </span>
     <span class='ocr_line' id='line_1_22' title="bbox 131 1945 892 2024; baseline -0.005 -18"><span class='ocrx_word' id='word_1_138' title='bbox 131 1948 241 2007; x_wconf 83' lang='lat' dir='ltr'>AEstuo.</span> <span class='ocrx_word' id='word_1_139' title='bbox 283 1947 386 2006; x_wconf 87' lang='lat' dir='ltr'>Nudus</span> <span class='ocrx_word' id='word_1_140' title='bbox 400 1949 482 2024; x_wconf 87' lang='lat' dir='ltr'>agas!</span> <span class='ocrx_word' id='word_1_141' title='bbox 505 1945 603 2005; x_wconf 77' lang='lat' dir='ltr'>Minus</span> <span class='ocrx_word' id='word_1_142' title='bbox 616 1959 659 2004; x_wconf 91' lang='lat' dir='ltr'>est</span> <span class='ocrx_word' id='word_1_143' title='bbox 673 1948 782 2004; x_wconf 91' lang='lat' dir='ltr'>insania</span> <span class='ocrx_word' id='word_1_144' title='bbox 796 1948 892 2021; x_wconf 89' lang='lat' dir='ltr'>turpis.</span> 
     </span>
    </p>

    <p class='ocr_par' dir='ltr' id='par_1_15' title="bbox 71 2026 880 2257">
     <span class='ocr_line' id='line_1_23' title="bbox 71 2026 807 2102; baseline -0.001 -19"><span class='ocrx_word' id='word_1_145' title='bbox 71 2053 77 2064; x_wconf 92' lang='lat'>·</span> <span class='ocrx_word' id='word_1_146' title='bbox 132 2027 177 2083; x_wconf 83' lang='lat' dir='ltr'>En</span> <span class='ocrx_word' id='word_1_147' title='bbox 193 2027 330 2097; x_wconf 89' lang='lat' dir='ltr'>habitum,</span> <span class='ocrx_word' id='word_1_148' title='bbox 346 2040 442 2100; x_wconf 89' lang='lat' dir='ltr'>quote</span> <span class='ocrx_word' id='word_1_149' title='bbox 456 2028 534 2102; x_wconf 86' lang='lat' dir='ltr'>leges</span> <span class='ocrx_word' id='word_1_150' title='bbox 548 2045 582 2082; x_wconf 90' lang='lat' dir='ltr'>ac</span> <span class='ocrx_word' id='word_1_151' title='bbox 593 2026 657 2100; x_wconf 84' lang='lat' dir='ltr'>jura</span> <span class='ocrx_word' id='word_1_152' title='bbox 671 2027 807 2082; x_wconf 87' lang='lat' dir='ltr'>serentem</span> 
     </span>
     <span class='ocr_line' id='line_1_24' title="bbox 131 2102 880 2178; baseline -0.004 -17"><span class='ocrx_word' id='word_1_153' title='bbox 131 2104 305 2162; x_wconf 87' lang='lat' dir='ltr'>Vulneribus</span> <span class='ocrx_word' id='word_1_154' title='bbox 316 2105 412 2161; x_wconf 88' lang='lat' dir='ltr'>crudis</span> <span class='ocrx_word' id='word_1_155' title='bbox 424 2104 545 2178; x_wconf 82' lang='lat' dir='ltr'>populus</span> <span class='ocrx_word' id='word_1_156' title='bbox 559 2102 642 2160; x_wconf 79' lang='lat' dir='ltr'>modo</span> <span class='ocrx_word' id='word_1_157' title='bbox 657 2105 754 2173; x_wconf 87' lang='lat' dir='ltr'>victor,</span> <span class='ocrx_word' id='word_1_158' title='bbox 768 2117 797 2161; x_wconf 91' lang='lat' dir='ltr'>et</span> <span class='ocrx_word' id='word_1_159' title='bbox 811 2102 880 2160; x_wconf 91' lang='lat' dir='ltr'>illud</span> 
     </span>
     <span class='ocr_line' id='line_1_25' title="bbox 131 2181 764 2257; baseline 0 -19"><span class='ocrx_word' id='word_1_160' title='bbox 131 2181 301 2240; x_wconf 83' lang='lat' dir='ltr'>Montanum</span> <span class='ocrx_word' id='word_1_161' title='bbox 311 2183 408 2257; x_wconf 88' lang='lat' dir='ltr'>positis</span> <span class='ocrx_word' id='word_1_162' title='bbox 422 2181 531 2238; x_wconf 82' lang='lat' dir='ltr'>audiret</span> <span class='ocrx_word' id='word_1_163' title='bbox 544 2182 644 2256; x_wconf 80' lang='lat' dir='ltr'>vulgus</span> <span class='ocrx_word' id='word_1_164' title='bbox 658 2183 764 2238; x_wconf 86' lang='lat' dir='ltr'>aratris.</span> 
     </span>
    </p>

    <p class='ocr_par' dir='ltr' id='par_1_16' title="bbox 130 2259 908 2804">
     <span class='ocr_line' id='line_1_26' title="bbox 130 2259 844 2334; baseline -0.001 -18"><span class='ocrx_word' id='word_1_165' title='bbox 130 2260 211 2323; x_wconf 80' lang='lat' dir='ltr'>Quid</span> <span class='ocrx_word' id='word_1_166' title='bbox 250 2280 306 2316; x_wconf 93' lang='lat' dir='ltr'>non</span> <span class='ocrx_word' id='word_1_167' title='bbox 322 2259 487 2334; x_wconf 79' lang='lat' dir='ltr'>proclames,</span> <span class='ocrx_word' id='word_1_168' title='bbox 502 2259 530 2316; x_wconf 92' lang='lat' dir='ltr'>in</span> <span class='ocrx_word' id='word_1_169' title='bbox 545 2277 661 2334; x_wconf 88' lang='lat' dir='ltr'>corpore</span> <span class='ocrx_word' id='word_1_170' title='bbox 673 2260 777 2334; x_wconf 87' lang='lat' dir='ltr'>judicis</span> <span class='ocrx_word' id='word_1_171' title='bbox 791 2260 844 2316; x_wconf 85' lang='lat' dir='ltr'>ista</span> 
     </span>
     <span class='ocr_line' id='line_1_27' title="bbox 130 2337 908 2407; baseline -0.005 -11"><span class='ocrx_word' id='word_1_172' title='bbox 130 2338 164 2396; x_wconf 76' lang='lat' dir='ltr'>si</span> <span class='ocrx_word' id='word_1_173' title='bbox 178 2338 295 2395; x_wconf 81' lang='lat' dir='ltr'>videasl</span> <span class='ocrx_word' id='word_1_174' title='bbox 332 2338 449 2407; x_wconf 82' lang='lat' dir='ltr'>Quaero,</span> <span class='ocrx_word' id='word_1_175' title='bbox 463 2356 498 2392; x_wconf 90' lang='lat' dir='ltr'>arr</span> <span class='ocrx_word' id='word_1_176' title='bbox 513 2338 635 2393; x_wconf 85' lang='lat' dir='ltr'>deceant</span> <span class='ocrx_word' id='word_1_177' title='bbox 647 2338 775 2394; x_wconf 90' lang='lat' dir='ltr'>multicia</span> <span class='ocrx_word' id='word_1_178' title='bbox 788 2337 908 2395; x_wconf 85' lang='lat' dir='ltr'>testeml</span> 
     </span>
     <span class='ocr_line' id='line_1_28' title="bbox 132 2415 800 2490; baseline 0 -18"><span class='ocrx_word' id='word_1_179' title='bbox 132 2415 220 2486; x_wconf 81' lang='lat' dir='ltr'>Acer,</span> <span class='ocrx_word' id='word_1_180' title='bbox 234 2428 262 2473; x_wconf 91' lang='lat' dir='ltr'>et</span> <span class='ocrx_word' id='word_1_181' title='bbox 276 2415 438 2486; x_wconf 91' lang='lat' dir='ltr'>indomitus,</span> <span class='ocrx_word' id='word_1_182' title='bbox 453 2415 643 2489; x_wconf 89' lang='lat' dir='ltr'>libertatisque</span> <span class='ocrx_word' id='word_1_183' title='bbox 657 2416 800 2490; x_wconf 86' lang='lat' dir='ltr'>magister,</span> 
     </span>
     <span class='ocr_line' id='line_1_29' title="bbox 131 2492 885 2569; baseline -0.001 -19"><span class='ocrx_word' id='word_1_184' title='bbox 131 2493 255 2566; x_wconf 78' lang='lat' dir='ltr'>Cretica,</span> <span class='ocrx_word' id='word_1_185' title='bbox 269 2494 405 2569; x_wconf 87' lang='lat' dir='ltr'>perluces.</span> <span class='ocrx_word' id='word_1_186' title='bbox 448 2492 535 2550; x_wconf 93' lang='lat' dir='ltr'>Dedit</span> <span class='ocrx_word' id='word_1_187' title='bbox 549 2493 623 2549; x_wconf 89' lang='lat' dir='ltr'>hanc</span> <span class='ocrx_word' id='word_1_188' title='bbox 637 2494 769 2568; x_wconf 88' lang='lat' dir='ltr'>contagio</span> <span class='ocrx_word' id='word_1_189' title='bbox 783 2494 885 2566; x_wconf 86' lang='lat' dir='ltr'>labem,</span> 
     </span>
     <span class='ocr_line' id='line_1_30' title="bbox 131 2571 830 2646; baseline -0.003 -17"><span class='ocrx_word' id='word_1_190' title='bbox 131 2571 170 2629; x_wconf 83' lang='lat' dir='ltr'>Et</span> <span class='ocrx_word' id='word_1_191' title='bbox 183 2572 261 2629; x_wconf 90' lang='lat' dir='ltr'>dabit</span> <span class='ocrx_word' id='word_1_192' title='bbox 275 2573 304 2629; x_wconf 92' lang='lat' dir='ltr'>in</span> <span class='ocrx_word' id='word_1_193' title='bbox 319 2572 429 2646; x_wconf 88' lang='lat' dir='ltr'>plures;</span> <span class='ocrx_word' id='word_1_194' title='bbox 451 2571 525 2628; x_wconf 87' lang='lat' dir='ltr'>sicut</span> <span class='ocrx_word' id='word_1_195' title='bbox 538 2589 608 2646; x_wconf 87' lang='lat' dir='ltr'>grex</span> <span class='ocrx_word' id='word_1_196' title='bbox 622 2581 697 2627; x_wconf 90' lang='lat' dir='ltr'>totus</span> <span class='ocrx_word' id='word_1_197' title='bbox 711 2572 740 2628; x_wconf 93' lang='lat' dir='ltr'>in</span> <span class='ocrx_word' id='word_1_198' title='bbox 755 2572 830 2646; x_wconf 89' lang='lat' dir='ltr'>agris</span> 
     </span>
     <span class='ocr_line' id='line_1_31' title="bbox 131 2649 721 2724; baseline -0.002 -17"><span class='ocrx_word' id='word_1_199' title='bbox 131 2649 223 2708; x_wconf 86' lang='lat' dir='ltr'>Unius</span> <span class='ocrx_word' id='word_1_200' title='bbox 237 2650 332 2707; x_wconf 85' lang='lat' dir='ltr'>scabie</span> <span class='ocrx_word' id='word_1_201' title='bbox 345 2649 422 2706; x_wconf 88' lang='lat' dir='ltr'>cadit</span> <span class='ocrx_word' id='word_1_202' title='bbox 435 2657 464 2706; x_wconf 93' lang='lat' dir='ltr'>et</span> <span class='ocrx_word' id='word_1_203' title='bbox 477 2649 619 2724; x_wconf 86' lang='lat' dir='ltr'>porrigine</span> <span class='ocrx_word' id='word_1_204' title='bbox 633 2649 721 2724; x_wconf 89' lang='lat' dir='ltr'>porci,</span> 
     </span>
     <span class='ocr_line' id='line_1_32' title="bbox 131 2727 762 2804; baseline -0.005 -18"><span class='ocrx_word' id='word_1_205' title='bbox 131 2727 247 2802; x_wconf 78' lang='lat' dir='ltr'>Unaque</span> <span class='ocrx_word' id='word_1_206' title='bbox 261 2729 414 2804; x_wconf 69' lang='lat' dir='ltr'>conspecti</span> <span class='ocrx_word' id='word_1_207' title='bbox 428 2729 543 2786; x_wconf 90' lang='lat' dir='ltr'>livorem</span> <span class='ocrx_word' id='word_1_208' title='bbox 557 2727 637 2784; x_wconf 91' lang='lat' dir='ltr'>ducit</span> <span class='ocrx_word' id='word_1_209' title='bbox 650 2728 686 2784; x_wconf 90' lang='lat' dir='ltr'>ab</span> <span class='ocrx_word' id='word_1_210' title='bbox 700 2729 762 2784; x_wconf 71' lang='lat' dir='ltr'>uva.</span> 
     </span>
    </p>

    <p class='ocr_par' dir='ltr' id='par_1_17' title="bbox 131 2805 917 2960">
     <span class='ocr_line' id='line_1_33' title="bbox 172 2805 917 2880; baseline -0.001 -17"><span class='ocrx_word' id='word_1_211' title='bbox 172 2805 288 2863; x_wconf 86' lang='lat' dir='ltr'>Foedius</span> <span class='ocrx_word' id='word_1_212' title='bbox 302 2807 356 2862; x_wconf 87' lang='lat' dir='ltr'>hoc</span> <span class='ocrx_word' id='word_1_213' title='bbox 371 2806 476 2880; x_wconf 84' lang='lat' dir='ltr'>aliquid</span> <span class='ocrx_word' id='word_1_214' title='bbox 490 2807 658 2880; x_wconf 87' lang='lat' dir='ltr'>quandoque</span> <span class='ocrx_word' id='word_1_215' title='bbox 672 2807 790 2862; x_wconf 89' lang='lat' dir='ltr'>audebis</span> <span class='ocrx_word' id='word_1_216' title='bbox 804 2806 917 2863; x_wconf 88' lang='lat' dir='ltr'>amictu.</span> 
     </span>
     <span class='ocr_line' id='line_1_34' title="bbox 131 2883 856 2960; baseline -0.003 -18"><span class='ocrx_word' id='word_1_217' title='bbox 131 2883 228 2942; x_wconf 74' lang='lat' dir='ltr'>llsmo</span> <span class='ocrx_word' id='word_1_218' title='bbox 241 2883 357 2959; x_wconf 69' lang='lat' dir='ltr'>reponte</span> <span class='ocrx_word' id='word_1_219' title='bbox 370 2884 422 2940; x_wconf 86' lang='lat' dir='ltr'>suit</span> <span class='ocrx_word' id='word_1_220' title='bbox 435 2884 619 2958; x_wconf 88' lang='lat' dir='ltr'>turpissimus.</span> <span class='ocrx_word' id='word_1_221' title='bbox 662 2884 815 2960; x_wconf 91' lang='lat' dir='ltr'>Accipient</span> <span class='ocrx_word' id='word_1_222' title='bbox 828 2895 856 2940; x_wconf 89' lang='lat' dir='ltr'>te</span> 
     </span>
    </p>

    <p class='ocr_par' dir='ltr' id='par_1_18' title="bbox 52 2961 840 3114">
     <span class='ocr_line' id='line_1_35' title="bbox 52 2961 840 3039; baseline 0.001 -21"><span class='ocrx_word' id='word_1_223' title='bbox 52 3032 53 3039; x_wconf 8' lang='grc' dir='ltr'>ἵ</span> <span class='ocrx_word' id='word_1_224' title='bbox 132 2961 282 3034; x_wconf 86' lang='lat' dir='ltr'>Paulatim,</span> <span class='ocrx_word' id='word_1_225' title='bbox 296 2962 343 3036; x_wconf 91' lang='lat' dir='ltr'>qui</span> <span class='ocrx_word' id='word_1_226' title='bbox 357 2962 441 3036; x_wconf 86' lang='lat' dir='ltr'>longa</span> <span class='ocrx_word' id='word_1_227' title='bbox 455 2962 530 3018; x_wconf 93' lang='lat' dir='ltr'>domi</span> <span class='ocrx_word' id='word_1_228' title='bbox 545 2961 711 3019; x_wconf 86' lang='lat' dir='ltr'>redimicula</span> <span class='ocrx_word' id='word_1_229' title='bbox 725 2971 840 3019; x_wconf 88' lang='lat' dir='ltr'>sumunt</span> 
     </span>
     <span class='ocr_line' id='line_1_36' title="bbox 131 3039 771 3114; baseline -0.002 -16"><span class='ocrx_word' id='word_1_230' title='bbox 131 3039 294 3112; x_wconf 87' lang='lat' dir='ltr'>Frontibus,</span> <span class='ocrx_word' id='word_1_231' title='bbox 308 3049 337 3096; x_wconf 88' lang='lat' dir='ltr'>et</span> <span class='ocrx_word' id='word_1_232' title='bbox 349 3051 408 3096; x_wconf 88' lang='lat' dir='ltr'>toto</span> <span class='ocrx_word' id='word_1_233' title='bbox 421 3039 540 3114; x_wconf 73' lang='lat' dir='ltr'>posuere</span> <span class='ocrx_word' id='word_1_234' title='bbox 555 3041 670 3096; x_wconf 87' lang='lat' dir='ltr'>monilia</span> <span class='ocrx_word' id='word_1_235' title='bbox 689 3041 771 3111; x_wconf 93' lang='lat' dir='ltr'>collo,</span> 
     </span>
    </p>

    <p class='ocr_par' dir='ltr' id='par_1_19' title="bbox 130 3117 870 3662">
     <span class='ocr_line' id='line_1_37' title="bbox 130 3117 870 3194; baseline -0.001 -19"><span class='ocrx_word' id='word_1_236' title='bbox 130 3117 226 3192; x_wconf 81' lang='lat' dir='ltr'>Atque</span> <span class='ocrx_word' id='word_1_237' title='bbox 241 3118 348 3176; x_wconf 88' lang='lat' dir='ltr'>Bonam</span> <span class='ocrx_word' id='word_1_238' title='bbox 362 3131 466 3175; x_wconf 80' lang='lat' dir='ltr'>tenerae</span> <span class='ocrx_word' id='word_1_239' title='bbox 480 3119 593 3193; x_wconf 89' lang='lat' dir='ltr'>placant</span> <span class='ocrx_word' id='word_1_240' title='bbox 604 3119 754 3176; x_wconf 83' lang='lat' dir='ltr'>abdomine</span> <span class='ocrx_word' id='word_1_241' title='bbox 768 3136 870 3194; x_wconf 83' lang='lat' dir='ltr'>porcae,</span> 
     </span>
     <span class='ocr_line' id='line_1_38' title="bbox 131 3195 836 3272; baseline 0 -18"><span class='ocrx_word' id='word_1_242' title='bbox 131 3195 170 3254; x_wconf 80' lang='lat' dir='ltr'>Et</span> <span class='ocrx_word' id='word_1_243' title='bbox 184 3215 287 3272; x_wconf 85' lang='lat' dir='ltr'>magno</span> <span class='ocrx_word' id='word_1_244' title='bbox 300 3208 418 3266; x_wconf 91' lang='lat' dir='ltr'>cratere,</span> <span class='ocrx_word' id='word_1_245' title='bbox 432 3195 531 3252; x_wconf 86' lang='lat' dir='ltr'>Deam.</span> <span class='ocrx_word' id='word_1_246' title='bbox 561 3197 618 3254; x_wconf 89' lang='lat' dir='ltr'>Sed</span> <span class='ocrx_word' id='word_1_247' title='bbox 633 3215 709 3254; x_wconf 90' lang='lat' dir='ltr'>more</span> <span class='ocrx_word' id='word_1_248' title='bbox 723 3197 836 3254; x_wconf 87' lang='lat' dir='ltr'>sinistro</span> 
     </span>
     <span class='ocr_line' id='line_1_39' title="bbox 131 3273 800 3350; baseline -0.003 -18"><span class='ocrx_word' id='word_1_249' title='bbox 131 3273 281 3350; x_wconf 83' lang='lat' dir='ltr'>Exagitata</span> <span class='ocrx_word' id='word_1_250' title='bbox 293 3273 390 3348; x_wconf 89' lang='lat' dir='ltr'>procul</span> <span class='ocrx_word' id='word_1_251' title='bbox 406 3292 463 3330; x_wconf 91' lang='lat' dir='ltr'>non</span> <span class='ocrx_word' id='word_1_252' title='bbox 479 3275 563 3331; x_wconf 91' lang='lat' dir='ltr'>intrat</span> <span class='ocrx_word' id='word_1_253' title='bbox 577 3273 692 3330; x_wconf 76' lang='lat' dir='ltr'>scamina</span> <span class='ocrx_word' id='word_1_254' title='bbox 705 3275 800 3332; x_wconf 85' lang='lat' dir='ltr'>limen.</span> 
     </span>
     <span class='ocr_line' id='line_1_40' title="bbox 132 3351 828 3427; baseline 0 -18"><span class='ocrx_word' id='word_1_255' title='bbox 132 3352 207 3410; x_wconf 79' lang='lat' dir='ltr'>Solis</span> <span class='ocrx_word' id='word_1_256' title='bbox 220 3371 269 3409; x_wconf 85' lang='lat' dir='ltr'>ara</span> <span class='ocrx_word' id='word_1_257' title='bbox 282 3351 352 3408; x_wconf 81' lang='lat' dir='ltr'>Dete</span> <span class='ocrx_word' id='word_1_258' title='bbox 366 3352 491 3408; x_wconf 87' lang='lat' dir='ltr'>maribus</span> <span class='ocrx_word' id='word_1_259' title='bbox 504 3363 588 3427; x_wconf 87' lang='lat' dir='ltr'>patet.</span> <span class='ocrx_word' id='word_1_260' title='bbox 630 3351 674 3409; x_wconf 94' lang='lat' dir='ltr'>Ite</span> <span class='ocrx_word' id='word_1_261' title='bbox 687 3353 828 3427; x_wconf 72' lang='lat' dir='ltr'>prolana!</span> 
     </span>
     <span class='ocr_line' id='line_1_41' title="bbox 132 3429 803 3506; baseline 0 -18"><span class='ocrx_word' id='word_1_262' title='bbox 132 3429 298 3488; x_wconf 79' lang='lat' dir='ltr'>clamatur:</span> <span class='ocrx_word' id='word_1_263' title='bbox 319 3429 397 3488; x_wconf 92' lang='lat' dir='ltr'>nullo</span> <span class='ocrx_word' id='word_1_264' title='bbox 411 3431 498 3506; x_wconf 87' lang='lat' dir='ltr'>gemit</span> <span class='ocrx_word' id='word_1_265' title='bbox 512 3429 560 3486; x_wconf 89' lang='lat' dir='ltr'>hic</span> <span class='ocrx_word' id='word_1_266' title='bbox 573 3430 692 3488; x_wconf 90' lang='lat' dir='ltr'>tibicina</span> <span class='ocrx_word' id='word_1_267' title='bbox 705 3449 803 3488; x_wconf 87' lang='lat' dir='ltr'>cornu.</span> 
     </span>
     <span class='ocr_line' id='line_1_42' title="bbox 132 3507 697 3583; baseline 0 -18"><span class='ocrx_word' id='word_1_268' title='bbox 132 3507 218 3565; x_wconf 80' lang='lat' dir='ltr'>Talia</span> <span class='ocrx_word' id='word_1_269' title='bbox 231 3509 341 3564; x_wconf 69' lang='lat' dir='ltr'>secreta</span> <span class='ocrx_word' id='word_1_270' title='bbox 356 3509 505 3566; x_wconf 86' lang='lat' dir='ltr'>coluerunt</span> <span class='ocrx_word' id='word_1_271' title='bbox 518 3508 609 3583; x_wconf 86' lang='lat' dir='ltr'>Orgia</span> <span class='ocrx_word' id='word_1_272' title='bbox 622 3509 697 3566; x_wconf 81' lang='lat' dir='ltr'>raedt</span> 
     </span>
     <span class='ocr_line' id='line_1_43' title="bbox 132 3585 754 3662; baseline 0 -19"><span class='ocrx_word' id='word_1_273' title='bbox 132 3585 300 3662; x_wconf 83' lang='lat' dir='ltr'>Cecropiam</span> <span class='ocrx_word' id='word_1_274' title='bbox 315 3585 388 3643; x_wconf 85' lang='lat' dir='ltr'>soliti</span> <span class='ocrx_word' id='word_1_275' title='bbox 402 3587 499 3661; x_wconf 74' lang='lat' dir='ltr'>Baptae</span> <span class='ocrx_word' id='word_1_276' title='bbox 513 3587 618 3643; x_wconf 86' lang='lat' dir='ltr'>lassare</span> <span class='ocrx_word' id='word_1_277' title='bbox 632 3586 754 3661; x_wconf 81' lang='lat' dir='ltr'>Cotytto.</span> 
     </span>
    </p>
   </div>
   <div class='ocr_carea' id='block_1_3' title="bbox 133 3661 806 3818">
    <p class='ocr_par' dir='ltr' id='par_1_20' title="bbox 133 3661 806 3818">
     <span class='ocr_line' id='line_1_44' title="bbox 133 3661 762 3739; baseline 0.005 -19"><span class='ocrx_word' id='word_1_278' title='bbox 133 3661 186 3720; x_wconf 85' lang='lat' dir='ltr'>llle</span> <span class='ocrx_word' id='word_1_279' title='bbox 200 3663 380 3739; x_wconf 87' lang='lat' dir='ltr'>supercilium</span> <span class='ocrx_word' id='word_1_280' title='bbox 394 3665 509 3721; x_wconf 73' lang='lat' dir='ltr'>madida</span> <span class='ocrx_word' id='word_1_281' title='bbox 524 3663 641 3739; x_wconf 84' lang='lat' dir='ltr'>fuligine</span> <span class='ocrx_word' id='word_1_282' title='bbox 654 3676 762 3724; x_wconf 88' lang='lat' dir='ltr'>tactum</span> 
     </span>
     <span class='ocr_line' id='line_1_45' title="bbox 133 3739 806 3818; baseline -0.003 -16"><span class='ocrx_word' id='word_1_283' title='bbox 133 3739 258 3816; x_wconf 66' lang='lat' dir='ltr'>Obliquat</span> <span class='ocrx_word' id='word_1_284' title='bbox 271 3741 402 3818; x_wconf 90' lang='lat' dir='ltr'>producit</span> <span class='ocrx_word' id='word_1_285' title='bbox 416 3759 480 3814; x_wconf 85' lang='lat' dir='ltr'>acu,</span> <span class='ocrx_word' id='word_1_286' title='bbox 493 3742 639 3818; x_wconf 84' lang='lat' dir='ltr'>pingitque</span> <span class='ocrx_word' id='word_1_287' title='bbox 654 3753 806 3804; x_wconf 85' lang='lat' dir='ltr'>trementes</span> 
     </span>
    </p>
   </div>
   <div class='ocr_carea' id='block_1_4' title="bbox 0 0 1291 4200">
    <p class='ocr_par' dir='ltr' id='par_1_21' title="bbox 0 0 1291 4200">
     <span class='ocr_line' id='line_1_46' title="bbox 0 0 1291 4200; baseline 0 0"><span class='ocrx_word' id='word_1_288' title='bbox 0 0 1291 4200; x_wconf 95' lang='lat' dir='ltr'> </span> 
     </span>
    </p>
   </div>
  </div>
 </body>
</html>
