2572 4200
564 277 686 332 suntal
705 277 750 333 l‘l.

162 419 294 500 Dumque
303 418 445 504 paludatis
458 423 588 498 ducibus,
602 438 738 501 prasente
753 427 861 499 marito,

162 501 230 580 Ipsa
243 504 318 578 loqui
333 505 411 562 rectft
425 503 497 560 facie
512 505 669 579 strictisque
685 505 824 562 mamillis.

164 581 237 640 Haec
252 579 352 639 eadem
366 581 454 652 novit,
470 582 536 654 quid
550 591 608 639 toto
622 583 670 639 fiat
684 583 713 638 in
727 583 810 651 orbor

162 660 246 738 Quid
259 662 353 732 Seres,
366 658 434 735 quid
448 653 577 717 Thraces
591 673 677 736 agant
689 680 695 716 t
717 673 826 718 secreta
841 673 970 719 novercae

155 733 201 795 'Et
214 741 311 814 pueri:
331 736 394 813 quis
409 749 492 809 amet,
506 739 569 814 quis
582 738 726 814 diripiatur
741 735 898 796 adulter.-

164 817 323 875 lnstantem
337 818 396 892 regi
411 816 549 874 Armenio
562 815 720 890 Parthoque
739 830 868 874 cometen

164 896 259 973 Prima
273 896 363 963 videt,
386 895 488 952 lamam
501 910 682 970 rumoresque
696 895 743 951 illa
761 900 890 952 'recentes

164 971 278 1050 Excipit
292 974 327 1030 ad
341 984 450 1048 portas:
472 973 607 1049 quosdam
621 973 695 1029 sacitt
738 971 797 1029 Isse
813 973 967 1049 Niphatern

164 1049 200 1109 In
214 1052 342 1128 populoS,
356 1068 514 1126 magnoque
529 1050 588 1107 illic
602 1061 706 1107 cuncta
720 1069 785 1108 arva
797 1052 889 1110 teneri

164 1127 288 1201 Diluvio,
303 1141 402 1187 nutare
416 1129 510 1200 urbes,
528 1128 674 1185 subsidere
687 1139 786 1200 terraS,

163 1208 346 1284 Quocunque
360 1208 389 1264 iu
403 1208 499 1280 trivio,
507 1209 667 1280 cuicunque
681 1217 724 1262 est
737 1208 829 1280 obvia,
845 1219 947 1276 narrat.

204 1287 268 1344 Nec
282 1299 378 1344 tamen
392 1287 420 1344 id
435 1284 533 1342 vitium
548 1282 638 1360 magis
653 1284 835 1358 intolerabile,
849 1286 935 1362 quam
949 1281 1025 1363 qudd

164 1357 284 1423 Vicinos
298 1365 418 1422 humiles
431 1367 572 1439 rapere'ct
586 1362 737 1420 concidere
750 1364 816 1422 loris
836 1375 838 1378 '
872 1375 874 1378 '

163 1441 288 1501 Exorata
301 1442 379 1500 solet.
421 1442 497 1498 Nam
508 1441 531 1498 si
545 1440 689 1498 latratibus
704 1443 751 1499 alti
901 1440 905 1444 ’

163 1521 348 1597 Rumpuntur
362 1521 472 1589 somni3
494 1519 597 1577 Fustes
611 1521 668 1576 huc
680 1519 770 1593 ocius,
785 1521 884 1596 inquit,

164 1600 283 1672 Afferte,
298 1607 380 1674 atque
396 1599 451 1656 illis
465 1591 610 1655 dominum
622 1598 703 1673 jubet
717 1596 783 1656 ante
800 1601 886 1674 feriri,

163 1677 277 1736 Deinde
286 1697 396 1736 canem.
437 1677 536 1751 Gravis
550 1695 681 1747 occursu,
696 1678 837 1736 teterrima
852 1680 938 1752 vultu,

162 1753 271 1818 Balnea
284 1768 367 1814 nocte
381 1757 456 1814 subit
468 1777 476 1826 ;
496 1757 619 1812 conchas
633 1767 662 1810 et
675 1767 766 1812 castra
780 1758 885 1814 moveri

164 1833 257 1893 Nocte
269 1835 364 1911 jubet3
386 1853 489 1910 magno
502 1835 607 1908 gaudet
621 1834 722 1890 sudare
737 1836 867 1907 tumultu,

162 1912 263 1973 Quum
276 1915 378 1970 lassata
387 1912 642 1988 graviceciderunt
657 1911 772 1968 brachia
787 1914 928 1970 massa.—

164 1991 297 2049 Couvivae
310 1991 405 2048 miseri
418 1992 526 2049 interea
539 2009 692 2064 somnoque
708 1989 836 2064 fameque

162 2069 334 2148 Urguentur.
376 2067 508 2126 Tandem
523 2067 659 2126 illavenit
673 2068 869 2142 rubicundula,
884 2081 974 2128 totum

161 2147 363 2224 OEnopborum
376 2147 483 2219 sitiens,
494 2148 578 2222 plena
592 2148 669 2222 quod
679 2147 804 2204 tenditur
815 2149 887 2206 urna
914 2163 917 2171 ’

163 2227 319 2284 Admotum
334 2227 462 2301 pedibuS,
476 2227 512 2282 de
526 2245 580 2300 quc
595 2225 731 2283 sextarius
746 2227 814 2284 alter

162 2305 285 2362 Ducitur
299 2315 364 2362 ante
378 2305 484 2375 cibum,
499 2305 625 2361 rabidam
641 2305 764 2361 lauturus
778 2306 894 2363 orexim.

163 2383 240 2440 Dum
255 2384 328 2441 re'dit
341 2394 370 2440 et
383 2382 441 2440 loto
453 2395 556 2440 terram
567 2383 634 2441 ferit
645 2383 788 2454 intestino,

163 2460 354 2519 Marmoribus
367 2461 417 2517 rivi
432 2475 592 2537 properant,
607 2473 654 2518 aut
668 2461 724 2518 lata
738 2461 894 2519 Falernum

161 2537 254 2598 Pulvis
266 2541 340 2599 olet:
361 2557 428 2596 nam
442 2540 493 2612 sic,
507 2552 640 2616 tanquam
654 2540 710 2596 alta
721 2540 750 2597 in
765 2540 838 2598 dolia
853 2542 953 2618 longus
1038 2549 1045 2553 “

161 2617 309 2676 Deciderit
322 2637 447 2694 serpens,
462 2618 532 2676 bibit
546 2631 574 2676 et
588 2619 681 2676 vomit,
700 2689 705 2700 f
723 2617 800 2693 Ergo
809 2620 932 2677 ¹maritus

161 2696 191 2753 N
193 2709 299 2770 auseat,
314 2708 396 2772 atque
409 2697 499 2754 oculis
513 2697 598 2753 bilem
613 2697 779 2772 substringit
792 2699 916 2774 opertis..

201 2775 254 2833 Illa
267 2787 363 2833 tamen
377 2775 496 2851 gravior,
511 2793 583 2850 quae,
595 2793 680 2850 quum
696 2775 873 2832 discumbere
888 2787 983 2852 coeprt,

161 2852 272 2911 Laudat
286 2852 447 2930 Virgilium,
461 2853 592 2928 periturae
604 2853 726 2929 ignoscit
740 2851 849 2926 Elissae,

161 2932 320 2991 Committit
333 2943 409 2989 vates
422 2943 450 2989 et
463 2945 624 3008 eomparat3
646 2932 712 2990 inde
727 2931 885 3006 Maronem,
903 2939 906 2944 '
983 2995 984 3002 χ

161 3013 255 3086 Atque
270 3012 325 3070 alia
335 3021 413 3085 parte
427 3011 456 3068 iu
470 3012 577 3070 trutina
591 3011 737 3087 suspendit
751 3011 916 3070 Homerum.

161 3091 276 3148 Cedunt
289 3090 475 3166 grammatici,
490 3089 641 3146 vincuntur
654 3091 789 3163 rbetoreS,
802 3092 895 3148 omnis

161 3167 261 3226 'lurba
275 3179 351 3227 tacet
359 3187 366 3236 ;
388 3187 442 3224 nec
456 3168 627 3240 causidicus,
642 3187 695 3225 nec
710 3187 804 3244 praeco
817 3169 955 3244 loquatur,

161 3247 260 3304 Altera
273 3266 328 3304 nec
342 3247 459 3316 mulier3
481 3248 628 3304 verborum
642 3253 720 3304 tanta
734 3246 809 3304 cad‘ft
823 3248 875 3321 ris,

160 3321 219 3382 Tot
232 3325 336 3401 pariter
350 3326 453 3400 pelves,
467 3335 509 3382 tot
523 3325 714 3382 tintinnabula
727 3326 805 3383 dicas
887 3351 889 3354 ·

160 3404 278 3462 Pulsari.
321 3403 387 3460 Jam
402 3421 484 3460 nemo
498 3403 590 3476 tubaS,
605 3423 689 3462 nemo
703 3422 760 3461 aera
774 3404 891 3481 fatiget:

160 3483 225 3540 Una
238 3481 375 3540 laboranti
389 3482 490 3557 poterit
504 3501 669 3540 succurrere
683 3483 766 3554 lqnae.
789 3549 790 3560 χ
887 3498 891 3507 ‘

133 3555 147 3562 “
199 3561 323 3637 Imponit
338 3559 424 3620 finem
438 3561 550 3635 sapiens
563 3573 592 3616 et
605 3559 689 3618 rebus
703 3560 836 3618 honestis.
889 3596 894 3601 -

159 3640 236 3698 Nam
250 3658 312 3715 quae
326 3640 410 3696 docta
423 3638 508 3696 nimis
522 3639 601 3712 cupit
613 3650 641 3695 ct
656 3638 777 3696 facunda
790 3639 888 3712 videri,

160 3719 251 3776 Crura
264 3730 348 3776 tenus
361 3717 455 3774 medio
470 3717 583 3774 tunicas
597 3718 763 3791 succingere
777 3717 872 3791 debet,

159 3797 279 3855 Caederc
293 3796 408 3853 Silvano
421 3813 548 3872 porcum,
564 3795 718 3869 quadrante
732 3795 824 3854 lavari.
