2572 4200
153 218 192 276 ιι
469 213 500 262 n.
518 214 615 270 ιιιιιιι
631 212 824 266 ravennius

153 353 285 430 Mordeat
298 350 364 410 ante
380 353 488 428 aliquis,
502 354 637 429 quidquid
650 355 804 430 porrexerit
818 355 875 426 illu,

152 432 229 494 Quae
243 433 368 506 peperit:
389 431 504 489 timidus
518 443 668 508 praegustet
681 433 783 507 pocula
795 452 907 508 pappas.

153 509 303 586 Fingimus
317 511 389 584 haec,
404 509 490 568 ultum
506 511 599 566 Satira
613 522 742 567 sumente
756 512 927 568 cothurnum

154 587 282 659 Scilicet,
296 598 333 659 et,
348 587 433 644 finem
448 588 553 662 egressi
566 589 714 662 legemque
726 589 860 662 priorum,

152 666 268 722 Grande
284 665 442 740 Sophocleo
455 684 570 723 carmen
586 666 758 722 bacchamur
773 667 861 738 hiatu,
923 723 926 729 ,

152 741 298 802 Montibus
309 744 435 820 ignotum
449 741 576 815 Rutulis,
590 744 721 816 octoque.
731 743 841 801 Latino.

152 821 214 879 Nos
228 822 336 879 utinam
350 822 430 878 vani!
453 822 504 878 sed
518 821 620 878 clamat
634 821 744 892 Pontia,
758 821 839 892 Feci,

152 899 305 972 Confiteor,
319 901 467 975 puerisque
482 900 552 956 meis
566 901 678 960 aconita
691 899 795 975 paravi,
830 965 832 968 ¹

151 977 227 1038 Quae
241 977 381 1053 deprensa
394 989 523 1068 patente
529 978 639 1035 lacinus
651 989 746 1036 tamen
761 979 821 1054 ipse
833 977 940 1053 peregi.

152 1054 239 1112 Tune
253 1057 324 1113 duos
338 1056 406 1127 und,
418 1057 573 1145 sevissima
587 1056 691 1140 vipera,
705 1057 809 1114 coendl
880 1071 886 1084 ·

152 1133 239 1192 Tune
253 1135 343 1192 duosl
385 1101 545 1209 Septem,
524 1154 548 1190 sr
562 1136 669 1209 septem
686 1131 756 1192 sorte
764 1134 904 1214 luissent.

152 1212 309 1269 Credamus
322 1213 446 1288 tragicis,
460 1212 619 1310 quidquid
611 1213 650 1268 de
661 1211 800 1270 Colchide
814 1207 891 1270 torva

152 1288 264 1346 Dicitur
278 1301 307 1346 et
320 1289 449 1346 Procne.
470 1290 510 1347 nil
524 1288 624 1348 coutrd
639 1309 736 1360 conor,
750 1301 779 1346 et
792 1290 846 1347 illae

151 1367 279 1424 Grandia
292 1379 416 1424 monstra
430 1369 488 1424 suis
502 1369 645 1424 audebant
658 1369 849 1442 temporibus3
868 1367 919 1424 sed

150 1444 219 1502 Non
233 1457 343 1521 propter
357 1463 498 1506 nummos.
540 1443 636 1502 Minor
650 1443 797 1524 admiratio
811 1446 929 1504 summis
967 1468 970 1475 ·

152 1521 280 1580 Debetur
294 1523 426 1580 monstris
429 1524 566 1597 ,quoties
572 1524 660 1580 lacit
653 1543 693 1580 rra
703 1515 858 1582 nocentem

152 1600 240 1657 Hunc
253 1620 362 1673 sexum,
376 1613 404 1658 et
418 1602 517 1658 rabie
507 1619 588 1676 Jecur
602 1600 776 1660 incendente
787 1602 915 1660 seruntur
1074 1601 1135 1661 525

151 1678 333 1754 Precipites3
354 1648 385 1736 irt
399 1699 466 1736 saxa
476 1679 553 1756 jugis
567 1681 693 1758 abrupta,
708 1680 810 1755 quibus
825 1691 907 1745 mons
984 1677 988 1684 ’

152 1758 332 1814 Subtrahitur
334 1758 483 1849 ‚clivoque
497 1759 570 1816 latus
584 1760 726 1834 pendente
741 1759 856 1814 recedit.

190 1835 271 1892 Illam
286 1856 340 1912 ego
353 1822 410 1894 riou
425 1837 547 1907 tulerim,
560 1856 623 1912 quae
638 1848 790 1912 computat,
805 1848 833 1893 et
846 1827 961 1894 scelus
952 1854 1056 1911 ingens
1128 1900 1132 1911 x

152 1914 229 1974 Sena
244 1915 318 1972 facit
360 1916 496 1991 Spectant
510 1917 679 1974 subeuntem
695 1915 857 1972 latamariti
935 1973 938 1978 ,

151 1992 299 2065 Alcestim,
313 2003 351 2066 et,
365 1993 499 2052 similis
477 2015 501 2051 ιι
514 1994 683 2069 permutatio
697 1995 788 2064 detur,
903 2039 907 2046 .
1074 1989 1135 2050 530

151 2070 243 2128 Morte
257 2072 307 2128 viri
322 2073 437 2147 cupient
451 2074 573 2132 animam
588 2091 697 2128 servare
711 2073 828 2130 catellae.
850 2093 851 2096 ¹
944 2125 949 2136 ,

150 2149 314 2208 Occurrent
327 2150 423 2206 multe
437 2151 488 2207 tibi
497 2151 616 2207 'Belides
630 2161 712 2224 atque
727 2149 868 2225 Eriphylae

151 2225 239 2284 Μιιιιὲ
253 2247 259 2283 :
281 2228 526 2302 clytemnestram
540 2229 633 2284 nullus
648 2248 704 2285 non
718 2228 797 2287 vicus
811 2227 933 2285 habebit.

151 2306 216 2366 ldoc
230 2303 340 2364 tantum
354 2306 439 2362 refert
441 2304 539 2381 ,qued
554 2306 697 2380 Tyndaris
711 2307 759 2362 illa
774 2306 925 2381 bipennem

151 2383 291 2440 lnsulsam
305 2395 334 2441 et
349 2353 453 2445 [ιιιιιιιιιι
468 2386 567 2442 dextra
581 2385 710 2459 laevaque
725 2384 846 2442 tenebat.
908 2401 910 2406 ·

151 2463 192 2519 At
205 2480 283 2519 nunc
297 2481 342 2518 res
356 2463 448 2538 agitur
461 2463 540 2520 tenni
554 2463 688 2538 pulmone
702 2462 825 2532 rubete;

152 2541 208 2600 Sed
226 2557 319 2598 tamen
333 2551 362 2599 et
376 2541 458 2612 serre,
469 2561 491 2598 ιι
484 2541 688 2617 praegustabit
702 2539 818 2598 Atrides

151 2617 233 2676 Pon
216 2639 270 2678 rca
284 2630 326 2677 ter
339 2618 405 2677 victi
419 2630 519 2679 cautus
532 2619 722 2705 medicamine
735 2619 818 2695 regis
