2572 4200
144 201 185 258 60
402 191 407 200 “
456 197 488 246 D
505 197 602 256 suun
618 195 813 246 JUVENALIS

145 338 278 416 Corporis
292 338 400 416 egregii
414 340 531 397 miseros
545 339 724 435 trepidosque
737 349 870 415 parentes

145 419 264 493 Semper
278 417 370 476 habet.
412 417 491 475 Rara
504 430 547 474 est
562 415 633 474 aded
648 417 799 474 eoncordia
813 417 909 474 sormae

145 497 240 569 Atque
254 497 406 575 pudieitiae
432 496 569 554 Sanetus
581 493 651 559 licet
665 493 777 552 horrida
790 514 884 552 mores

84 571 91 584 ⁸
145 572 308 631 Tradiderit
321 571 430 644 domus,
445 591 480 630 ae
492 586 599 630 veteres
612 574 720 630 imitata
734 573 892 643 Sabinos„

145 651 285 709 Praeterea
298 663 407 709 eastum
421 651 567 726 ingenium
581 651 742 724 vultumque
756 618 890 727 modesto

146 731 292 804 Sanguine
309 731 461 787 ferventem
476 729 579 787 tribuat
592 740 692 786 natura
699 728 831 803 benigna

47 817 54 826 “
147 807 238 882 Larga
252 826 356 876 manu3
379 805 459 884 (quid
474 807 551 864 enim
565 825 652 881 puero
667 807 795 862 conferre
807 815 899 881 polest
911 805 975 880 plus

145 885 271 947 Custode
280 897 308 943 et
323 903 392 943 eura
406 896 506 942 natura
519 885 658 964 potentior
671 903 749 940 omni
742 883 804 960 l)

145 956 212 1019 Non
227 963 293 1020 licet
306 983 368 1020 esse
382 962 467 1020 viris:
488 981 554 1020 narn
568 959 684 1038 prodiga
699 962 868 1037 corruptoris

146 1040 334 1116 Improbitas
327 1061 401 1116 ipsos
416 1041 500 1098 audet
513 1053 620 1098 tentare
634 1051 772 1116 parentes.
774 1072 813 1082 -

46 1142 48 1150 ¹
146 1119 203 1175 Sed
217 1131 296 1176 uasto
309 1120 377 1193 quid
392 1119 480 1176 sorma
494 1120 599 1181 noeetl
619 1119 686 1194 quid
700 1117 824 1193 profuit
818 1137 903 1175 ιιιιιιιο
951 1169 953 1173 2

147 1197 299 1272 Hippolyto
313 1217 396 1280 grave
410 1198 534 1272 proposit
536 1217 582 1253 um
594 1197 695 1271 lquid
711 1187 940 1271 Bellerophontil

145 1275 267 1332 Erubuit
280 1294 382 1350 nempe
396 1277 467 1345 haee,
482 1293 535 1330 ceu
550 1275 670 1331 fastidita
674 1273 811 1348 „repulsa

145 1352 210 1408 Nee
224 1354 395 1410 Stheneboea
409 1354 512 1422 minus,
526 1351 610 1426 quem
613 1351 738 1422 Cressa,
752 1351 913 1424 excanduit,
927 1362 957 1409 et
970 1371 1000 1408 se

145 1429 324 1488 Concussere
338 1430 435 1487 ambe.
478 1399 591 1487 Mulier
596 1430 749 1486 sevissima
762 1440 830 1486 tune
844 1440 895 1500 est,
939 1486 949 1498 ,

144 1509 244 1568 Quum
259 1508 385 1565 stimulos
395 1509 460 1566 odio
473 1509 562 1584 pudor
576 1508 714 1565 admovet
754 1505 838 1582 Elige
851 1475 987 1586 quidnam
1050 1547 1052 1552 s

146 1587 330 1643 Suadendum
344 1605 406 1643 esse
420 1598 510 1661 putes,
525 1605 572 1642 cm
565 1585 693 1642 n'ubere
706 1583 827 1642 Caeseris
841 1605 910 1642 uxor

145 1663 295 1722 Destinatl
283 1662 468 1754 lOptimus
483 1665 571 1722 hicet
586 1663 801 1721 formosissimus
815 1664 890 1720 idem
972 1680 976 1688 ·

145 1743 246 1800 Gentis
260 1743 385 1818 patrieiae
400 1743 505 1820 rapitur
520 1744 605 1800 miser
620 1742 844 1820 exstinguendus

121 1820 124 1826 ’
146 1819 306 1880 Messalinae
320 1821 425 1880 oeulis:
448 1815 555 1880 dudum
569 1823 649 1878 sedet
663 1821 710 1877 illa
723 1833 818 1895 parato

118 1960 126 1973 ‚
146 1899 329 1966 Flumineam,
344 1893 503 1974 Tyriusque
517 1899 610 1976 paldm
624 1900 764 1974 genialis
758 1919 786 1955 ιιι
801 1879 890 1956 hortis

146 1979 297 2054 Sternitur,
312 1989 340 2035 et
355 1998 410 2036 ιιιιι
424 1979 522 2044 decies
534 1990 656 2060 qenteua
669 1979 810 2034 dabuntur
867 2027 869 2034 .

146 2057 214 2114 Anl'
208 2060 290 2130 rquo;
305 2058 406 2115 veniet
420 2076 486 2112 eum
497 2047 686 2151 signatoribus
697 2073 809 2132 auspex.

116 2183 122 2193 .
147 2135 218 2192 Haee
232 2147 261 2192 tu
275 2146 384 2192 secreta
398 2146 426 2192 et
440 2136 538 2208 paneis
552 2136 703 2192 commissa
716 2134 853 2210 putabasl

144 2212 174 2268 N
176 2233 223 2285 on,
238 2213 292 2270 nisi
285 2213 383 2288 ''legit
375 2232 443 2285 rme,
458 2213 516 2269 vult
529 2214 644 2269 nubere.
685 2212 765 2272 Quid
779 2212 899 2287 placeat,
913 2211 960 2268 die
970 2229 989 2266 :.

144 2289 184 2346 Ni
200 2311 297 2366 parere
311 2291 389 2362 velie,
403 2291 579 2366 pereundum
594 2292 647 2364 erit
661 2301 726 2348 ante
740 2291 888 2346 lucernas:

144 2369 176 2424 Si
190 2369 283 2425 scelus
297 2370 437 2438 admittas,
451 2369 563 2426 dabitur
577 2388 655 2425 mora
668 2368 792 2443 parvula,
807 2369 875 2424 dum
889 2386 934 2428 ree

145 2444 221 2503 Nota
236 2447 304 2503 Urbi
315 2459 343 2504 et
356 2445 459 2522 populo
473 2447 617 2522 eontingat
631 2446 770 2521 Principis
785 2465 874 2503 aures.

144 2523 277 2582 Dedeeus
292 2525 338 2582 ille
352 2525 452 2582 demtis
467 2524 538 2582 sciet
552 2525 682 2582 ultimus:
696 2525 810 2582 detersa
818 2536 849 2582 tu

143 2603 310 2676 Obsequere
326 2604 452 2679 imperio,
467 2603 502 2660 sit
517 2605 587 2660 tanti
602 2604 656 2661 vita
671 2605 779 2660 dierum

145 2680 312 2739 Paucorum.
354 2681 502 2756 Quidquid
517 2682 618 2739 melius
632 2683 776 2756 leviusque
790 2680 907 2756 putaris,

144 2759 301 2817 Praebenda
314 2773 357 2820 est
370 2761 464 2835 gladio
477 2761 595 2835 pulchra
609 2762 670 2818 haec
684 2771 712 2817 et
726 2760 848 2820 eandida
862 2759 964 2816 eervix.

183 2837 231 2893 Nil
246 2837 315 2912 ergd
328 2850 377 2928 opt
366 2839 465 2895 tabunt
480 2839 630 2896 hominesl
672 2839 702 2894 Si
717 2837 906 2895 eonsilium
881 2856 935 2911 vis,

143 2915 261 2972 Permitt
250 2927 292 2972 tes
305 2917 373 2992 ipsis
384 2915 543 2990 expendere
557 2916 721 2973 numinibus
723 2916 809 3004 ,quid

143 2992 301 3051 Conveniat
315 2995 405 3064 nobis,
420 2991 559 3082 rebusque
573 2994 609 3050 sit
623 2994 690 3050 utile
705 3004 768 3050 nost
769 2994 814 3049 ris

143 3068 219 3127 Nam
232 3091 282 3146 pro
293 3039 427 3147 jucundis
439 3071 581 3144 aptissima
594 3091 711 3145 queque
726 3071 833 3127 ιιιιιιιιιιι
846 3068 876 3126 ιιι

143 3151 242 3210 Carior
256 3162 300 3211 est
313 3151 367 3208 illis
381 3150 473 3219 homo,
487 3148 571 3223 qulam
587 3151 648 3206 sibi.
690 3149 752 3207 Nos
767 3149 924 3207 animorum

144 3230 279 3306 Impulsu,
295 3240 323 3286 et
337 3228 415 3284 osee
428 3227 587 3302 magnalque
602 3229 734 3302 cupidine
749 3228 827 3284 ducti

143 3309 315 3383 conjugium
329 3306 460 3382 petimus,
475 3318 640 3381 partumque
655 3307 748 3364 uxoris
761 3325 767 3362 :
788 3318 816 3364 at
830 3306 885 3364 illis

142 3386 261 3457 Notum,
275 3386 323 3460 qui
337 3385 427 3460 pueri,
441 3384 584 3458 qualisque
599 3385 691 3442 futura
705 3385 741 3442 sit
755 3403 832 3442 uxor

145 3465 180 3521 Ut
194 3477 288 3520 tamen
302 3475 330 3520 et
344 3481 443 3538 poscas
457 3463 571 3536 aliquid,
586 3482 741 3539 voveasque
755 3463 866 3520 satellis

142 3542 225 3612 Exta,
239 3552 267 3598 et
281 3541 427 3598 candiduli
442 3542 538 3598 divina
552 3543 694 3600 tomacula
707 3543 803 3618 porci;

142 3588 291 3675 Oraridum
306 3629 357 3690 est,
369 3631 400 3675 ut
413 3621 449 3676 sit
462 3639 543 3676 mens
555 3639 623 3677 sana
637 3621 665 3678 ιιι
679 3640 794 3696 corpore
809 3638 885 3676 sano.

142 3695 256 3752 Fortem
270 3715 355 3770 posee
369 3697 506 3770 animum,
520 3701 617 3757 mortis
632 3711 737 3758 terrore
751 3705 904 3768 carentem,

750 3858 818 3960 ι’ι
