2572 4200
151 219 192 278 20
459 215 497 264 D.
514 213 610 292 JllNll
627 211 823 263 iuvaturus

152 358 245 434 thue
259 356 352 434 magis
368 367 490 433 stupeas,
504 357 587 414 ludos
600 355 788 429 Paridemque
802 352 920 428 reliquit

151 437 211 494 Sed
224 455 384 511 quanquam
398 437 426 493 in
441 436 552 510 magnis
564 434 675 509 opibus,
687 432 839 508 plumdque
852 429 980 507 paterni,
1036 469 1039 474 -
1099 431 1139 489 70

151 513 189 570 Et
203 515 386 591 segmentatis
400 513 549 570 dormisset
562 511 678 586 parvula
691 509 784 580 cunis,

151 591 330 668 Contempsit
343 592 476 668 pelagus:
498 591 602 647 samam
617 597 824 662 contempserat
836 585 914 658 olim,

150 669 242 745 Cujus
255 672 329 746 apud
344 669 441 727 molles
456 669 573 725 minima
586 678 629 725 est
638 667 750 742 jactura
763 665 919 722 cathedras.

150 745 316 824 Tyrrhenos
330 749 415 824 igitur
429 747 531 803 fluctus
545 743 658 819 lateque
672 755 821 800 sonantem

149 825 268 884 Pertulit
282 826 394 883 lonium
408 823 547 882 constanti
561 835 685 900 pectore,
699 821 826 900 quamvis

150 903 322 962 Mutandum
336 905 418 961 toties
432 912 506 960 esset
518 921 605 958 mare.
646 900 664 956 J
667 911 729 957 usta
742 898 840 975 pericli

150 982 182 1038 si
196 983 267 1040 ratio
280 993 365 1039 estet
379 983 511 1050 honesta3
532 981 649 1051 timent,
657 977 813 1054 pavidoque
827 976 957 1052 gelantur
996 1029 1001 1044 ,

150 1059 278 1132 Pectore,
293 1079 347 1117 nec
360 1061 487 1117 tremulis
499 1069 616 1134 possunt
630 1057 760 1116 insistere
772 1055 889 1132 plantis:

149 1136 263 1196 Fortem
278 1140 404 1197 animum
415 1149 549 1213 prestant
563 1137 656 1207 rebus,
670 1154 740 1209 quas
752 1134 870 1209 turpiter
883 1133 998 1190 audent.

149 1217 182 1273 Si
193 1217 291 1291 jubeat
305 1218 419 1292 conjux,
426 1217 535 1274 ‚durum
549 1225 592 1271 est
606 1213 798 1271 conscendere
812 1211 922 1281 uavim;
1092 1211 1133 1272 80

148 1294 236 1350 'l'unc
250 1296 362 1352 sentina
375 1296 477 1369 gravis,
486 1306 554 1350 tuno
569 1311 696 1348 summus
709 1291 825 1347 vertitur
838 1293 896 1347 sier.

147 1369 224 1433 Quae
238 1373 381 1428 moechum
396 1372 530 1446 sequitur,
545 1370 691 1426 stomacho
704 1368 783 1426 valet.
825 1368 878 1425 Illa
890 1368 1022 1426 maritum

147 1449 316 1507 Convomit:
338 1451 400 1506 hoec
414 1450 486 1506 inter
501 1459 602 1505 nautas
616 1459 645 1504 et
656 1446 786 1522 prandet,
799 1456 828 1502 et
840 1457 915 1504 erret

147 1527 202 1584 Per
216 1547 349 1603 puppem,
362 1538 391 1584 et
405 1529 490 1584 duros
502 1526 608 1602 gaudet
621 1537 741 1582 tractare
754 1525 895 1583 rudentes.

146 1603 217 1667 Qut
231 1617 325 1664 tamen
339 1606 442 1662 exarsit
456 1604 554 1675 sormi,
569 1604 625 1679 qui
639 1615 721 1678 capta
731 1603 848 1678 juventi
861 1612 904 1660 est
1089 1602 1132 1660 85

147 1683 275 1760 Hippial
296 1684 363 1760 quid
378 1685 454 1755 vidit3
468 1694 579 1758 propter
593 1683 667 1758 quod
681 1682 759 1738 ludia
771 1680 829 1752 dici

147 1761 310 1820 Sustinuitl
332 1781 397 1820 nam
413 1761 557 1838 Sergiolus
568 1761 626 1836 jam
641 1761 739 1818 radere
752 1770 849 1836 guttur

146 1839 289 1916 Ooeperat,
303 1854 331 1899 et
345 1853 422 1898 secto
436 1841 561 1915 requiem
576 1859 687 1915 sperare
700 1840 814 1896 lacerto.
848 1863 851 1868 ’
881 1835 883 1840 ’

147 1917 289 1978 Praeterea
303 1920 390 1976 multa
405 1920 433 1977 in
449 1919 521 1976 facie
535 1919 687 1986 deformia3
709 1918 783 1974 sicut

147 1998 271 2055 Attritus
286 1999 377 2074 galeti,
394 1998 589 2072 mediisquein
604 1997 720 2053 naribus
734 1997 835 2070 ingens

145 2075 265 2147 Gibbus,
280 2088 308 2134 et
322 2096 386 2134 acre
400 2077 505 2133 malum
519 2095 629 2150 semper
643 2074 773 2131 stillantis
787 2072 879 2130 ocelli.

145 2153 205 2210 Sed
219 2155 357 2231 gladiator
371 2166 450 2211 erat:
472 2154 539 2211 lacit
553 2155 606 2210 hoc
621 2153 682 2210 illos
696 2152 892 2227 Hyacinthos3

145 2230 211 2289 Hoc
224 2232 329 2308 pueris,
343 2232 506 2306 patrieque,
521 2233 573 2288 hoc
587 2231 709 2306 praetulit
721 2231 769 2288 illa
782 2229 868 2287 sorori

145 2310 240 2384 Atque
255 2310 322 2368 viro.
364 2309 483 2368 Ferrum
497 2321 549 2380 est,
563 2311 637 2385 quod
653 2320 756 2366 amant.
800 2308 857 2364 Hic
871 2305 988 2382 Sergius
1001 2305 1077 2364 idem

145 2388 277 2463 Acceptis
293 2389 362 2444 rude
376 2388 508 2463 coepisset
521 2388 643 2445 Veiento
657 2387 796 2444 videri-
1086 2383 1127 2442 95

184 2465 379 2542 Hippomanes
392 2484 562 2542 carmenque
576 2466 682 2540 loquar,
696 2477 864 2539 coctumque
878 2481 1018 2520 venenum

144 2543 332 2620 Privignoque
346 2545 466 2602 datuml
487 2545 610 2602 Faciunt
623 2544 750 2618 graviora
763 2553 870 2600 coacte
915 2589 917 2594 .

144 2620 268 2698 Imperio
281 2623 375 2693 sende,
391 2621 596 2700 minimumque
610 2622 728 2679 libidine
742 2632 872 2696 peccant.

181 2701 299 2777 Optima
313 2701 363 2758 sed
376 2721 465 2777 quare
479 2701 631 2772 Cesennia,
645 2710 717 2758 teste
730 2699 852 2759 marito‘l

56 2818 59 2824 ·
143 2778 193 2837 Bis
206 2781 361 2856 quingenta
374 2782 470 2848 dedit;
492 2781 563 2838 tanti
576 2792 659 2837 vocat
673 2779 719 2835 ille
732 2778 876 2854 pudicam,
1070 2775 1126 2834 100

143 2857 209 2916 Nec
222 2858 342 2915 Veneris
355 2858 492 2934 pharetris
507 2877 602 2914 macer
616 2868 668 2927 est,
684 2868 733 2912 aut
745 2856 876 2932 lampade
890 2854 994 2912 servet:

142 2932 216 2992 lude
232 2935 308 2994 faces
323 2937 438 3003 ardent;
461 2935 577 2992 veniunt
591 2955 607 2991 a
621 2935 686 2991 dote
699 2933 817 3008 sagittar.

142 3011 273 3070 Libertas
288 3013 407 3070 emitur:
428 3011 525 3070 coralm
540 3013 607 3070 licet
621 3013 721 3069 innuat
734 3023 817 3086 atque

142 3089 304 3162 Rescribat,
319 3091 403 3148 vidua
416 3102 469 3162 est,
483 3090 614 3165 locuples
622 3108 684 3165 quae
700 3089 795 3166 nupsit
808 3106 900 3146 avaro.

181 3168 241 3225 Cur
255 3169 397 3228 desiderio
410 3169 519 3227 Bibule
535 3169 676 3226 Sertorius
689 3168 789 3226 ardetl
1069 3166 1125 3226 105

141 3245 175 3304 si
187 3266 284 3304 verum
298 3247 437 3318 excutias,
452 3247 549 3318 iacies,
564 3266 620 3304 non
635 3266 704 3304 uxor
718 3257 834 3304 amatur.
873 3279 874 3282 =

140 3324 216 3384 Tres
229 3345 307 3403 ruge
323 3327 453 3398 subeant,
466 3335 496 3382 et
509 3345 539 3382 se
552 3326 627 3382 cutis
640 3325 718 3382 arida
731 3325 816 3396 laxet,

141 3402 226 3462 Fiant
238 3406 351 3464 obscuri
365 3406 474 3476 dentes,
484 3404 615 3478 oculique
629 3404 752 3462 minores
763 3423 771 3472 ;

140 3481 252 3559 Collige
266 3484 431 3555 sarcinulas,
445 3484 521 3541 dicet
535 3482 660 3554 libertus,
674 3494 703 3540 et
716 3483 780 3540 exi:

139 3559 206 3619 darn
220 3563 312 3637 gravis
325 3583 356 3620 es
370 3563 461 3633 uobis,
474 3559 592 3635 etsaepb
606 3561 780 3637 emungeris,
794 3560 840 3618 exi
959 3604 962 3613 .
1068 3559 1126 3618 110

139 3637 242 3712 Ocilts,
256 3652 285 3698 et
297 3660 434 3717 propera:
454 3641 532 3698 sicco
546 3639 622 3697 venit
636 3639 724 3699 altera
738 3659 816 3698 uaso.

140 3715 257 3776 Intered
269 3719 353 3792 calet,
366 3730 396 3777 et
408 3730 518 3794 regnat,
532 3717 677 3794 poscitque
690 3719 823 3776 maritum
