2572 4200
554 237 678 304 samm
695 237 729 286 x.
754 236 762 251 ·
1099 243 1139 302 dr

158 377 258 440 Quum
273 377 500 436 Gaetuladucem
513 379 883 454 portaretbellualuscuml
915 395 916 401 ¹
978 415 981 420 -
1079 391 1082 398 “

159 456 261 514 Exitus
275 454 344 532 ergd
358 457 421 531 quis
432 459 494 515 estl
514 455 542 512 Ο
556 457 659 532 gloria!
682 451 803 516 vincitur
817 459 893 515 idem

158 533 281 610 Nempe,
296 547 325 592 et
338 536 370 591 in
382 533 510 593 exsilium
524 553 650 610 praeceps
665 535 745 610 fugit,
761 544 843 611 atque
857 536 897 593 ibi
909 555 1030 613 magnus
1082 539 1138 600 tuo

157 610 363 688 Mirandusque
377 612 467 669 cliens
481 611 560 669 sedet
573 613 749 688 adpraetoria
762 615 846 690 regis,

158 689 260 758 Donec
274 692 396 765 Bithyno
410 690 496 747 libeat
509 691 624 766 vigilare
639 702 767 766 tyranno.

151 769 260 826 Finem
276 770 387 840 animae,
401 787 463 842 quae
476 788 523 825 res
536 767 801 833 bumanasrniscuit
813 769 891 841 olim,

157 845 226 904 Non
240 847 339 922 gladii,
351 866 408 904 uon
423 859 490 904 sana
503 847 620 923 dabunt,
635 867 689 905 nec
703 849 775 917 tela;
796 849 846 916 sed
861 849 908 905 ille

157 924 323 982 Cannarum
338 926 450 996 vindex,
467 943 501 981 ac
510 926 585 982 tanti
599 927 746 1002 sanguinis
760 926 843 998 ultor,
968 986 972 990 ,
1079 927 1138 983 165

152 1003 300 1060 annulus.
342 1002 367 1074 l,
381 1004 509 1075 demam,
523 1014 552 1060 et
566 1019 654 1061 seras
667 1023 749 1062 curre
762 1024 811 1079 per
825 1003 924 1079 Alpes,

156 1081 196 1138 Ut
209 1079 305 1157 pueris
318 1081 441 1156 placeas,
450 1089 484 1142 'et
497 1081 665 1140 declamatio
679 1082 746 1138 fias!

156 1159 240 1216 Unus
253 1158 357 1216 Peuaeo
367 1159 466 1234 juveni
480 1177 538 1216 non
551 1159 654 1217 sufficit
667 1161 762 1218 orbis:

158 1237 274 1307 AEstuat
288 1237 386 1294 infelix
400 1248 522 1312 angusto
533 1236 622 1294 limite
636 1231 745 1310 mundi,
858 1282 861 1291 ,

156 1315 196 1372 Ut
209 1316 311 1392 Gyarae
321 1315 438 1372 clausus
451 1315 583 1390 scopulis,
597 1316 737 1390 parvaque
753 1314 881 1390 Seripho.

154 1393 258 1455 Quum
272 1405 368 1450 tamen
382 1413 399 1450 a
414 1393 505 1469 figulis
519 1394 656 1450 munitam
671 1394 815 1470 intraverit
833 1393 941 1466 urbem,

157 1471 340 1548 Sarcophago
353 1482 502 1529 contentus
515 1473 576 1529 erit.
618 1471 697 1542 Mors
710 1473 768 1530 sola
782 1471 892 1543 fatetur,

156 1549 307 1611 Quantula
321 1550 377 1606 sint
391 1550 537 1606 hominum
549 1551 724 1624 corpuscula.
766 1550 899 1624 Creditur
912 1549 980 1606 olim

157 1626 325 1685 velificatus
340 1629 441 1697 Athos,
455 1639 484 1683 et
497 1627 631 1701 quidquid
646 1629 758 1685 Graecia
773 1628 895 1684 mendax

157 1705 256 1764 Audet
269 1706 298 1761 in
313 1704 446 1762 historia:
467 1695 639 1762 constratur‘n
653 1706 790 1763 classibus
803 1705 904 1776 isdem,

158 1783 397 1858 suppositumque
412 1783 480 1838 rotis
493 1783 613 1840 solidum
627 1802 705 1850 mare
717 1803 724 1840 :
746 1784 887 1841 credimus
901 1781 971 1840 altos

157 1859 307 1917 Delecisse
323 1877 430 1930 amnes,
444 1871 581 1934 epotaque
596 1859 713 1917 flumina
728 1859 815 1917 Medo
869 1924 873 1928 ,

158 1937 332 2010 Prandente,
346 1949 376 1994 et
389 1938 510 1995 madidis
523 1948 619 1994 cantat
637 1957 699 2012 quae
715 1939 858 1994 Sostratus
871 1937 931 1994 alia.

158 2015 212 2075 Ille
227 2027 322 2075 tamen
337 2015 428 2089 qualis
445 2015 527 2072 rediit
542 2015 685 2092 Salamine
696 2016 804 2086 relictti,

157 2093 194 2150 In
208 2094 315 2150 Corum
329 2105 411 2166 atque
422 2093 531 2149 Eurum
545 2093 642 2151 solitus
656 2095 753 2152 sevire
767 2092 884 2169 flagellis

160 2171 311 2242 Barbarus,
326 2171 421 2228 AEolio
434 2189 581 2246 nunquam
595 2173 648 2228 hoc
663 2172 692 2228 in
707 2191 820 2228 carcere
834 2189 941 2249 passos,

158 2248 257 2324 Ipsum
271 2249 456 2325 compedibus
469 2250 517 2322 qui
531 2250 657 2306 vinxerat
671 2249 895 2324 Ennosigaeuml

157 2325 259 2385 Mitius
273 2325 301 2383 id
316 2325 395 2397 sane,
409 2325 486 2400 qudd
500 2346 557 2392 non
570 2329 743 2403 etstigmate
758 2328 875 2404 dignum
946 2341 948 2348 “

158 2405 296 2463 Credidit.
338 2404 416 2460 Huic
429 2405 581 2478 quisquam
590 2405 674 2462 vellet
687 2406 790 2462 servire
804 2405 941 2462 deoruml

159 2484 217 2541 Sed
231 2483 321 2557 qualis
334 2482 436 2538 rediitl
457 2501 558 2557 nempe
574 2484 631 2539 und
645 2503 725 2553 nave,
740 2483 865 2540 cruentis
898 2510 902 2512 ·
947 2501 951 2508 ’
983 2523 986 2526 ,

158 2559 319 2630 Fluctibus,
333 2578 367 2616 ac
380 2560 461 2616 tarda
474 2579 523 2635 per
538 2561 627 2618 densa
640 2563 778 2618 cadavera
790 2561 881 2635 prora.

128 2653 131 2658 ·
159 2637 223 2696 Has
236 2639 319 2696 toties
331 2647 427 2712 optata
440 2638 535 2712 exegit
548 2638 637 2713 gloria
650 2657 756 2713 poenaa.

198 2716 245 2772 Da
258 2715 377 2791 spatium
392 2715 464 2784 vitae,
479 2715 581 2772 multos
594 2717 640 2786 da,
655 2715 775 2790 Jupiter,
789 2715 893 2772 annual

161 2793 226 2852 Hoc
239 2805 318 2850 recto
331 2793 409 2850 vultu
423 2793 525 2864 solum,
540 2793 594 2850 hoc
605 2805 636 2850 et
649 2793 769 2868 pallidus
778 2789 870 2867 'optas

159 2873 218 2929 Sed
231 2869 318 2946 qudm
332 2871 474 2927 continuis
488 2882 516 2926 et
529 2872 640 2944 quantis
653 2871 738 2946 longa
752 2881 884 2928 senectus
945 2885 958 2908 ·

158 2950 249 3021 Plena
260 2950 361 3007 malisl
381 2947 543 3006 Deformem
558 2960 587 3006 et
600 2960 703 3006 tetrum
716 2960 781 3006 ante
794 2949 891 3006 omnia
903 2945 1021 3018 vultum,

159 3027 390 3101 Dissimilemque
404 3027 626 3097 sui,.det'ormem
641 3046 691 3102 pro
704 3039 769 3084 cute
783 3026 895 3102 pellem,

159 3105 377 3179 Pendentesque
390 3123 489 3178 genas,
501 3115 529 3160 et
543 3105 613 3162 tales
627 3105 742 3179 adspice
755 3123 850 3180 rugas,

158 3181 283 3256 Quales,
295 3182 461 3239 umbriferos
475 3182 522 3237 ubi
536 3183 635 3257 pandit
649 3181 781 3240 Tabraca
794 3183 890 3254 saltus,

160 3260 197 3318 Iu
210 3261 304 3318 vetuld
318 3259 418 3334 scalpit
428 3259 486 3333 jam
500 3271 589 3316 mater
601 3261 684 3317 simia
693 3260 797 3318 bucca.
957 3259 962 3270 ’

159 3339 286 3396 Plurima
300 3348 366 3394 sunt
376 3337 511 3412 juvenum
525 3337 688 3394 discrimina
700 3357 706 3393 :
727 3338 870 3412 pulchrior
884 3337 930 3393 ille

161 3416 236 3488 Hoc,
251 3427 335 3492 atque
349 3415 394 3471 ille
408 3414 479 3480 ali0;
500 3413 619 3472 multllm
634 3416 681 3470 hic
695 3416 832 3472 robustior
845 3415 902 3470 illo.

160 3493 226 3552 Una
240 3512 341 3551 senum
355 3491 452 3561 facies,
466 3509 531 3547 cum
545 3511 613 3547 voce
627 3493 775 3549 trementia
789 3491 916 3548 membra

160 3571 200 3630 Et
210 3573 269 3648 jam
282 3573 452 3644 levecaput,
466 3569 628 3642 madidique
643 3569 761 3634 infantia
774 3569 845 3625 nasi.

161 3649 353 3726 Frangendus
366 3645 469 3703 misero
481 3645 598 3720 gingiva
613 3647 695 3720 panis
708 3645 812 3702 inermi
825 3663 831 3701 :
1081 3646 1142 3706 ξω

160 3727 257 3804 Usque
272 3723 344 3785 adad
358 3723 450 3800 gravis
463 3722 551 3795 uxori,
565 3724 703 3796 natisque,
718 3723 835 3798 sibique,
