2614 4186
161 221 203 282 m
474 221 506 268 D.
525 219 621 269 JUNlI
638 217 834 270 JuvnNnms

162 362 289 437 Virginis
301 361 435 433 occurrit,
449 362 491 419 rel
506 363 735 420 terrafelauditur
750 363 851 434 iniant,

161 437 200 497 Et
213 440 304 498 minor
319 442 385 515 igne
398 440 468 515 rogi.
508 441 585 502 Quis
597 441 673 497 enim
690 441 780 503 bonus
793 452 821 496 et
836 441 897 497 lane
911 439 1016 514 dignus
1090 437 1148 498 issi

162 519 289 588 Arcani,
302 519 415 592 qualem
428 518 541 576 Cereris
555 519 612 575 v-ult
626 537 688 574 esse
702 518 842 590 sacerdos,
890 563 893 572 .

163 595 226 653 Ulla
239 597 333 654 aliena
345 597 399 654 sabi
412 596 510 654 eredat
522 596 618 653 malai
632 651 635 658 Α
658 597 776 672 Separat
791 597 845 657 boo
858 615 911 653 nos

162 673 189 730 Α
204 693 290 750 grege
305 685 456 747 mutorum,
470 685 553 748 atque
568 675 632 732 ideo
646 675 804 732 venerabile
818 674 869 732 soli

162 751 258 824 Sortiti
273 753 428 828 ingenium,
440 753 652 826 divinorumque
666 769 797 827 oapaoes,

162 832 256 904 Atque
270 832 436 890 exereendis
450 831 650 907 capiendisque
665 830 771 888 artibus
784 832 852 906 apti,

162 908 312 966 Sensuma
326 909 433 966 eoelesti
448 909 602 966 demissum
616 910 752 966 traximus
767 927 843 980 aree,

161 985 253 1062 eujus
266 999 352 1062 egent
363 1005 452 1062 prone
466 999 497 1044 et
508 999 611 1044 terram
625 989 791 1064 spectantia.
833 985 937 1044 Mundi

162 1063 306 1139 Principio
320 1065 437 1122 indulsit
450 1067 610 1129 eommunis
623 1067 752 1124 eonditor
767 1065 822 1124 illis

162 1141 290 1202 'santium
305 1144 423 1215 animas,
438 1145 521 1204 nobis
534 1145 661 1202 animum
676 1161 796 1219 quoque,
812 1154 928 1200 mutuus
940 1151 973 1202 ut
985 1159 1039 1200 nos

162 1220 293 1278 Affectus
307 1233 402 1298 petere
416 1223 551 1281 auxilium
565 1234 594 1278 et
608 1233 740 1297 prestare
752 1223 874 1296 juberet,
1092 1219 1149 1278 let)

163 1297 313 1373 Dispersos
327 1301 438 1358 trahere
452 1301 480 1357 in
496 1300 640 1376 populum,
655 1301 776 1376 migrare
790 1310 900 1356 vetusto

162 1375 206 1432 De
221 1395 345 1447 nemore,
357 1389 385 1434 et
398 1380 507 1453 proavis
522 1378 659 1434 habitatas
672 1379 798 1452 linquere
812 1378 896 1435 silves

163 1453 318 1511 AEdifieare
333 1455 439 1528 domos,
455 1455 574 1512 Laribus
585 1457 758 1532 conjungere
771 1456 874 1513 nostris

162 1529 285 1588 Tectum
301 1531 388 1605 aliud,
404 1545 478 1591 tutos
492 1534 586 1594 visino
599 1533 697 1592 limine
711 1551 825 1591 somnos

163 1609 200 1666 Ut
214 1610 316 1667 collata
329 1612 409 1670 daret
422 1611 542 1681 fidueia3
563 1624 709 1688 protegere
723 1613 808 1668 armi·

163 1687 286 1762 Lapsum
301 1701 349 1746 aut
364 1690 472 1766 ingenti
486 1698 632 1748 nutantem
647 1691 761 1748 vulnere
775 1690 877 1761 civem,

137 1827 140 1832 .
162 1766 316 1824 Communi
332 1769 399 1826 dare
413 1769 495 1845 signa
507 1769 586 1839 tubal,
601 1769 747 1830 defendier
760 1767 852 1826 isdem

162 1843 313 1915 Turribus,
329 1859 410 1922 atque
425 1849 482 1904 una
496 1859 637 1922 portarum
651 1848 729 1905 elate
743 1847 841 1904 teneri.

163 1923 222 1982 aad
233 1924 291 1999 jam
306 1925 467 2000 serpentum
483 1926 569 2001 major
582 1928 742 1984 coneordin.
784 1925 879 1982 Parcit

163 2001 300 2076 Cognatis
314 2004 433 2062 maculis
447 2004 546 2061 similis
560 2004 627 2062 sera.
666 2004 794 2064 Quando
806 2002 882 2060 leoni
1094 2001 1150 2058 lat)

164 2079 273 2138 Fortior
287 2082 389 2156 eripuit
404 2083 487 2150 vitam
502 2081 566 2140 leol
587 2101 642 2156 quo
658 2101 773 2140 nemore
788 2098 911 2155 unquam

163 2157 322 2232 Exspiravit
336 2179 402 2234 aper
416 2160 530 2234 majoris
543 2161 676 2218 dentibus
691 2161 774 2235 april

163 2235 265 2293 indica
279 2237 358 2311 tigris
371 2239 430 2313 agit
444 2238 542 2294 rabidi
556 2257 622 2294 eum
636 2239 739 2314 tigride
752 2255 858 2314 paeem·

146 2385 151 2393 ,
163 2313 332 2388 Perpetuam
344 2335 350 2371 :
371 2316 452 2372 saevis
465 2313 538 2373 inter
552 2317 730 2374 seoonvenit
744 2316 824 2372 ursis.

165 2392 220 2448 Ast
234 2393 342 2449 homini
356 2393 460 2450 serrum
473 2393 557 2450 letale
571 2394 676 2450 ineude
690 2394 815 2451 nefandi
915 2433 922 2444 „
1092 2391 1149 2450 toa

164 2469 333 2526 Produxisse
347 2489 446 2547 parum
457 2483 516 2539 est;
537 2489 624 2546 quum
638 2483 770 2529 restruet
783 2471 894 2529 sarcula
907 2468 1017 2529 tantum

164 2547 280 2605 Assueti
294 2567 426 2623 coquere,
441 2561 469 2606 et
483 2550 582 2607 marris
593 2569 627 2606 ae
641 2569 753 2608 vomere
768 2550 832 2608 lassi

164 2626 327 2684 Nescierint
340 2627 422 2704 primi
435 2627 544 2704 gladios
557 2627 713 2694 extundere
729 2629 807 2686 labri.
911 2637 913 2642 ’

164 2705 349 2780 Adspieimns
362 2707 490 2782 populos,
503 2726 623 2781 quornm
637 2727 694 2765 non
708 2707 813 2765 suffieit
824 2706 872 2763 irae

163 2781 313 2840 Oeeidisse
327 2784 447 2858 aliquem
460 2806 466 2855 ;
488 2786 538 2842 sed
551 2796 676 2860 pectora,
689 2787 813 2857 braolria,
827 2785 934 2840 vultum
1095 2783 1151 2840 170
1233 2781 1236 2788 '

113 2883 115 2888 ·
163 2860 345 2918 Crediderim
358 2881 449 2938 genus
459 2883 522 2924 esse
536 2863 602 2920 eibi.
642 2864 724 2924 Quid
739 2864 847 2920 dieeret
860 2861 940 2937 ergd,

86 2929 91 2952 ¹
163 2939 216 2996 Vel
232 2937 288 3013 qud
302 2959 359 2996 non
375 2940 494 3015 fugeret,
508 2941 531 2997 si
547 2959 624 2997 nuno
638 2943 700 2997 haee
715 2952 838 2998 monstra
851 2940 959 3017 videret

148 3087 151 3093 Ι
163 3016 186 3074 Ρ
206 3019 346 3092 thagoras,
360 3018 473 3074 eunetis
486 3019 655 3075 animalibus
669 3019 804 3075 abstinuit
817 3017 865 3091 qui

148 3117 151 3128 ⁴
231 3114 315 3170 quarn
330 3095 454 3168 bomine,
468 3107 497 3154 et
511 3097 600 3153 ventri
614 3096 731 3154 indulsit
744 3115 801 3153 nou
815 3113 900 3152 omne
914 3094 1069 3172 legumen?

526 3407 684 3466 SATIRA
706 3407 788 3466 XVI.

201 3553 283 3627 Quis
298 3584 448 3624 numerare
461 3577 545 3642 queat
559 3565 650 3624 felicis
670 3565 795 3642 premia,
808 3565 904 3638 Galle,

164 3641 297 3700 Militiael
337 3643 413 3701 Nam
428 3645 451 3702 si
465 3646 621 3703 subeuntur
634 3663 766 3720 prospera
780 3654 882 3716 eastra,
947 3643 954 3652 “

164 3719 213 3778 Me
228 3722 359 3797 pavidum
374 3723 496 3798 excipiat
509 3725 630 3782 tironem
644 3735 724 3800 porta
737 3723 864 3780 seeundo
