2572 4200
136 209 178 267 66
247 243 250 250 -
447 211 472 257 D
496 209 593 258 JUNll
610 209 804 258 JUVENALIS

138 346 196 405 Sed
210 349 306 423 procul
320 357 469 406 extensum
483 349 715 424 petulans-quatit
729 349 820 406 hostia
834 348 940 422 sunem,

136 425 263 500 Tarpeio
277 437 386 484 servata
400 427 462 484 lovi
466 427 662 499 ,frontemque
674 439 822 483 coruscat:

136 502 253 578 Quippe
268 504 473 575 sensuimus,
488 504 600 593 templis
614 509 740 560 maturus
754 515 782 560 et
796 521 861 574 arae,

138 579 380 656 spargendusque
390 601 467 639 mero
470 600 575 670 ,quem
586 582 645 656 jam
660 574 748 656 pudet
762 582 850 638 ubera
863 578 960 639 matris

136 658 251 715 Ducere
253 659 322 733 ,qui
336 669 417 717 vexat
430 659 557 717 nascenti
572 660 670 716 robora
683 677 780 716 cornu.

138 735 169 792 Si
181 755 225 792 res
239 705 331 812 ainpla
345 738 430 808 domi,
445 737 599 811 similisque
613 737 760 794 affectibus
774 740 857 809 esset,

137 812 273 888 Pinguior
290 815 420 890 Hispulld
434 817 590 873 traheretur
603 825 709 886 taurus,
723 825 752 871 et
766 815 826 890 ipsit
851 829 854 834 ’
873 827 875 832 “

42 919 44 924 ·
138 890 216 948 Mole
228 892 319 967 piger,
334 912 389 949 neo
403 893 523 950 finitima
538 892 659 949 nutritus
671 893 702 949 in
717 893 814 964 berbi,

138 969 216 1026 Lata
230 971 280 1027 sed
293 970 447 1028 ostendens
461 970 599 1029 Clitumni
612 985 720 1060 pascua
732 970 848 1046 sanguis

140 1046 206 1117 lret,
218 1060 246 1104 et
259 1067 275 1104 a
288 1047 389 1124 grandi
404 1049 498 1106 cervix
512 1049 639 1106 lenienda
652 1048 789 1120 ministro,

138 1124 185 1181 Ob
198 1093 319 1183 ieditum
333 1126 498 1202 trepidantis
512 1127 615 1196 adhuc,
629 1126 823 1216 horrendaque
837 1119 911 1202 passi

137 1203 247 1278 Nuper,
262 1212 290 1259 et
304 1203 475 1262 ineolumem
487 1223 549 1262 sese
563 1204 692 1261 mirantis
706 1205 798 1261 amici

138 1279 215 1336 Nam
229 1293 328 1355 praeter
339 1281 431 1356 pelagi
446 1300 540 1354 casus,
554 1292 583 1337 et
597 1280 736 1374 fplguris'
729 1291 856 1339 ictum

138 1358 233 1429 Erasi,
249 1359 344 1414 densae
358 1359 462 1414 eoelum
476 1329 652 1416 abscondere
666 1359 789 1416 tenebre

138 1435 225 1492 Nube
240 1436 484 1510 anastasiamque
499 1447 637 1492 antennas
651 1436 761 1511 impulit
771 1437 845 1510 ignis
862 1429 871 1440 ’

137 1512 237 1573 Quum
253 1533 283 1570 se
297 1513 415 1588 quisque
430 1514 478 1571 illo
491 1531 656 1589 percussum
669 1515 806 1585 crederet,
821 1525 850 1570 et
862 1532 928 1572 mox

138 1591 285 1648 Attonitus
299 1591 408 1648 nullum
422 1592 544 1649 conferri
557 1600 639 1666 posse
672 1602 763 1648 utaret

139 1669 328 1746 Naufragium
343 1670 412 1726 velis
427 1671 599 1728 ardentibus,
640 1611 746 1726 (imnis
759 1671 831 1727 liunt

139 1747 233 1820 Talia,
248 1760 304 1806 tam
319 1748 449 1823 graviter,
464 1749 614 1823 siquando
627 1749 739 1826 poetica
753 1748 843 1834 surgit

112 1849 117 1856 ⁴
138 1825 316 1918 Tempestas
357 1827 456 1884 Genus
469 1845 538 1884 ecee
553 1827 631 1884 aliud
645 1821 842 1884 discriminis:
855 1825 921 1884 audi

92 1962 98 1980 ,
138 1905 176 1963 Et
190 1906 321 1962 miserere
335 1905 437 1962 iterum
440 1923 622 1980 ,quanquam
636 1905 693 1962 sint
706 1916 808 1962 oaetera
822 1904 908 1961 sortis

138 1983 291 2060 Ejusdem:
311 2002 377 2060 pars
390 1953 451 2041 dirai
465 1983 588 2058 quidem,
603 1985 653 2041 sed
667 1984 782 2058 cognita
795 1982 899 2054 multis,

138 2062 176 2120 Et
189 2062 379 2136 quamtotius
393 2072 529 2119 testantur
544 2063 608 2118 fana
622 2061 726 2118 tabella

138 2139 273 2198 Plurima.
315 2140 441 2197 Pictores
457 2141 519 2213 quis
534 2141 624 2198 nescit
637 2141 673 2197 ab
688 2140 764 2196 iside
777 2138 877 2215 pasail

105 2246 107 2250 ·
138 2218 256 2276 Accidit
269 2229 297 2275 et
312 2227 406 2274 nostro
420 2217 518 2274 similis
530 2219 640 2275 fortuna
654 2217 774 2274 Catullo.

137 2295 237 2356 Quum
252 2295 352 2371 plenus
366 2293 453 2352 lirratu
467 2296 578 2352 medius
592 2295 662 2352 soret
676 2296 780 2368 alveus,
794 2305 823 2352 et
833 2295 902 2371 jarn,
953 2365 955 2368 Ι

138 2373 289 2431 Alternum
303 2373 403 2449 puppis
413 2373 487 2429 latus
501 2374 692 2430 evertentibus
706 2373 790 2430 undis
960 2375 964 2384 ”

138 2452 257 2509 Arboris
272 2452 396 2524 inaertae,
412 2451 518 2508 nullam
533 2451 683 2528 prudentia
697 2451 762 2508 cani
804 2469 810 2482 ·

138 2529 272 2587 Reetnris
286 2529 425 2587 conferret
438 2547 538 2606 opem;
561 2531 693 2587 decidere
704 2530 789 2606 jactu

138 2608 232 2684 Coepit
242 2625 308 2665 eum
322 2607 431 2677 ventis;
432 2639 472 2651 -

138 2672 262 2744 l‘undita
266 2705 349 2761 ,que
363 2705 427 2744 mea
441 2698 516 2760 sunt,
531 2687 643 2745 dicebat
646 2699 780 2759 ,cuncta
795 2685 934 2758 Catullus,

137 2764 428 2840 Praedpitareuotens
441 2734 525 2822 etiarb
540 2735 738 2841 pulcheirima,
752 2775 856 2821 vestem

138 2842 322 2918 Purpuream,
336 2842 441 2899 teneris
454 2862 564 2917 quoque
579 2843 785 2899 Mucenatibus
798 2854 902 2918 aptam,

138 2921 233 2994 Atque
248 2921 325 2990 alias,
339 2938 457 2994 quarum
472 2922 601 2995 generosi
615 2921 752 2995 graminis
766 2921 857 2994 ipsum

138 2997 242 3055 lnleeit
256 3008 356 3054 natura
369 3015 466 3073 pecus,
481 2998 530 3054 sed
545 3010 574 3054 et
588 2999 719 3072 egregius
733 2997 795 3054 fons

139 3075 255 3133 Viribus
268 3074 397 3148 occultis,
411 3086 439 3132 et
454 3075 578 3132 Baeticus
592 3075 704 3150 adjuvat
717 3079 774 3132 abr.

139 3152 194 3211 Ille
209 3172 264 3211 nee
278 3163 426 3228 argeutum
440 3153 587 3210 dubitabat
601 3153 720 3223 mittere,
735 3152 833 3210 lancea

139 3231 292 3290 Parthenio
306 3229 402 3303 saetas,
417 3249 496 3287 urnae
510 3242 619 3290 cratera
632 3249 777 3308 capacem,

140 3311 177 3368 Et
190 3310 309 3386 dignum
323 3310 436 3367 sitiente
450 3308 548 3381 Pholo,
564 3309 607 3366 vel
621 3309 742 3400 conjuge
756 3308 852 3366 Fusci.

140 3389 224 3451 Adde
238 3400 267 3446 et
280 3388 445 3460 bascaudas,
459 3398 488 3444 et
501 3357 577 3445 mille
591 3389 710 3459 escaria,
724 3388 844 3444 multum

140 3467 250 3538 Caelati,
264 3467 374 3525 biberat
385 3483 440 3542 quo
453 3465 573 3524 uallidus
586 3477 694 3542 emptor
707 3464 835 3556 Olyntlri.

141 3545 199 3602 Sed
212 3545 275 3619 quis
289 3564 367 3602 nune
381 3545 452 3602 alius
454 3544 532 3620 ,qud
545 3545 644 3602 mundi
658 3556 746 3620 parte,
760 3544 823 3619 quis
838 3541 924 3600 audet

130 3623 270 3696 ’Argento
283 3622 413 3698 preferre
426 3634 520 3698 eaput,
535 3624 673 3712 rebusque
688 3621 826 3680 salutem?

141 3699 208 3756 Nou
222 3711 332 3776 propter
346 3700 432 3757 vitam
446 3701 553 3758 laniunt
565 3701 734 3777 patrimonia
747 3699 871 3774 quidam,
