2614 4186
568 191 692 248 SATIRA
709 182 761 242 1v.'

172 326 288 390 Excutit
301 349 317 390 e
331 331 478 390 manibus:
499 329 599 389 dentes
612 330 748 408 crepuere
762 330 877 389 retecti:
892 364 896 369 -

172 409 266 468 Uncta
279 410 387 466 cadunt
400 407 470 466 laxis
483 419 553 465 tunc
567 407 754 484 pulmentaria
767 407 861 466 labris.

173 488 251 545 Hinc
265 488 342 558 tuba,
356 487 481 543 candelae
495 504 501 542 τ
522 485 691 562 tandemque
704 487 834 545 beatulus
849 487 905 545 alto

97 593 102 598 ¹
173 565 352 640 Compositus
365 563 449 635 lecto,
463 564 619 638 crassisque
633 563 737 621 lutatus
751 565 878 636 amomis,
984 591 988 602 ¹

165 641 210 710 ln·
222 654 330 718 portam
343 641 447 718 rigidos
462 639 556 718 calces
570 642 711 706 extendit:
733 653 761 698 at
775 641 853 699 illum
1095 643 1152 700 105

174 720 309 778 Hesterni
322 719 414 794 capite
429 719 528 776 induta
541 717 654 779 subiere
667 719 804 780 Quirites.
1052 726 1056 732 '
1102 729 1103 734 ’

213 797 335 874 ‘Tange
350 797 435 854 miser
448 798 544 868 venae,
559 807 588 854 et
600 815 674 871 pone
689 797 717 853 in
731 807 845 872 pectore
859 795 1002 854 dextram:

173 874 222 932 Nil
236 875 310 932 calet
324 873 387 932 bic:
408 893 588 948 summosque
598 875 685 950 pedes
698 876 805 950 attinge
819 888 993 950 manusque:
1022 896 1024 903 '

162 953 240 1011 Non
255 953 374 1028 frigent.¹
415 952 485 1009 Visa
499 963 541 1009 est
555 951 578 1009 si
591 950 660 1026 sorte
674 953 804 1028 pecunia,
818 953 877 1011 sive
1120 997 1123 1014 .

173 1029 403 1088 Candidaricini
416 1030 530 1089 subrisit
543 1026 626 1087 molle
639 1029 741 1105 puella,
1096 1029 1152 1087 110

174 1109 232 1166 Cor
242 1109 292 1166 tibi
306 1106 360 1165 rite
374 1108 455 1166 salitl
495 1107 621 1164 Positum
635 1119 678 1166 est
692 1109 804 1184 algente
817 1109 931 1166 camino
1017 1105 1020 1111 ’
1096 1113 1098 1119 ’

174 1185 285 1242 Durum
298 1187 371 1262 olus,
385 1198 414 1263 et
426 1186 521 1262 populi
536 1186 627 1242 cribro
641 1187 761 1242 decussa
776 1185 883 1244 larius:

174 1261 334 1323 'l'entemus
348 1265 444 1321 fauces
454 1283 460 1320 ε
470 1324 472 1328 ,
482 1277 580 1320 tenero
593 1263 661 1320 latet
676 1262 756 1320 ulcus
770 1265 799 1320 in
814 1283 862 1321 ore

152 1335 154 1340 ’
174 1335 270 1413 Putre,
283 1343 358 1416 quod
372 1340 448 1398 haud
463 1341 564 1412 deceat
577 1341 689 1417 plebeii
703 1343 801 1398 radere
815 1342 889 1400 beta.
927 1347 930 1353 '

169 1417 273 1494 'Alges
287 1437 373 1494 quum
387 1419 510 1476 excussit
520 1419 656 1487 ¹membris
670 1431 772 1477 tremor
787 1419 866 1476 albus
880 1420 999 1478 aristas:
1094 1418 1151 1476 116

173 1495 203 1553 N
205 1516 262 1553 unc
276 1497 336 1554 face
350 1497 494 1572 suppositis
505 1497 634 1554 fervescit
647 1498 772 1574 sanguis,
786 1507 815 1554 et
827 1497 868 1554 ira

174 1574 336 1632 Scintillam
348 1575 440 1652 oculi;
461 1575 587 1651 dicisque
601 1575 735 1650 facisque,
749 1574 827 1650 quod*
839 1574 909 1652 ipse,

173 1651 240 1711 Non
254 1652 316 1711 sani
330 1671 391 1710 esse
405 1653 537 1725 bominis,
552 1673 609 1710 uon
624 1661 715 1710 sanus·
720 1655 796 1730 juret
808 1653 934 1711 Orestes.

541 1841 797 1850 ...μ-Μ

401 1959 402 1965 ‘
481 1957 505 1982 .-
544 1929 777 2020 snrrnn'rv.

49 2095 52 2102 Δ
99 2101 103 2109 ⁴
212 2121 287 2177 Rrru
300 2119 394 2196 populi
408 2119 530 2182 tractasl
552 2117 712 2195 (barbatum
722 2118 786 2174 haec
796 2097 888 2176 crede·
898 2119 1063 2202 magistrum

173 2197 286 2271 Dicere,
302 2198 416 2270 sorbitio
429 2197 499 2256 tollit
513 2215 597 2272 quem
611 2197 672 2253 dira
683 2197 816 2275 cicutae:)

172 2277 242 2339 Quo
256 2277 362 2334 fretusl
382 2277 429 2332 dic
443 2277 508 2346 boc,
523 2266 736 2350 magni'pupille
750 2273 861 2333 Pericli.

173 2355 291 2412 Scilicet
304 2353 450 2430 ingenium
460 2365 488 2411 et
499 2371 592 2410 rerum
602 2353 754 2428 prudentia
762 2352 842 2411 velox
873 2383 880 2424 χ

175 2433 251 2490 Ante
265 2432 336 2508 pilos
350 2432 442 2489 venit:
464 2431 586 2488 dicenda
598 2431 773 2505 tacendaque
787 2431 881 2488 calles.

172 2508 250 2586 Ergb
265 2510 313 2567 ubi
327 2508 469 2569 commota
483 2511 572 2566 servet
585 2508 733 2584 plebecula
748 2508 813 2580 bile,

173 2585 240 2646 Fert
254 2588 365 2644 animus
378 2587 476 2644 calide
492 2587 591 2643 fecisse
605 2585 716 2642 silentia
729 2587 818 2642 turbae

173 2663 320 2741 Maje'state
335 2665 442 2723 maniis.
482 2665 562 2725 Quid
577 2661 826 2737 deindelcqubrel
865 2663 1005 2736 Quirites,

173 2743 248 2815 Hoc,
261 2754 337 2819 puta,
351 2741 408 2801 nan
420 2742 527 2818 justum
541 2751 602 2798 est:
624 2738 692 2800 illud
708 2739 801 2796 male:
821 2741 927 2798 rectius
941 2740 1019 2799 illud.

173 2821 236 2878 Scis
249 2821 355 2879 etenim
366 2821 472 2897 justum
487 2818 603 2896 gemina
617 2819 787 2898 suspendere
797 2818 883 2886 ¹lance
1114 2819 1151 2878 10

172 2897 423 2976 Δηοίρίῑὶεϋὸῐωε
444 2909 553 2956 rectum
567 2896 715 2969 discernis,
727 2896 776 2953 ubi
791 2897 864 2954 inter

172 2976 267 3039 Curva
280 2977 364 3048 subit,
379 2977 421 3034 vel
436 2995 521 3054 quum
537 2976 606 3034 fallit
619 2975 692 3052 pede
705 2974 803 3052 regula
816 2993 900 3035 raro:

172 3053 210 3110 Et
224 3047 295 3130 petil
309 3074 340 3112 es
352 3055 465 3131 nigrum
479 3055 545 3112 vitio
559 3054 704 3132 praefig'ere
719 3053 823 3122 Theta.
930 3105 934 3110 .

171 3131 254 3193 Quin
267 3143 298 3189 tu
312 3133 406 3208 igitur,
422 3133 532 3190 summa
547 3133 733 3208 nequicquam
747 3131 819 3208 pelle
830 3132 961 3204 decorus,

172 3209 250 3266 Ante
264 3209 341 3267 diem
354 3210 456 3268 blando
470 3210 590 3268 caudam
601 3210 708 3286 jactare
721 3208 831 3286 popello
843 3265 846 3270 ,
975 3278 977 3284 y
1116 3208 1154 3284 15,

171 3286 295 3358 Desinis,
310 3289 462 3363 Anticyras
475 3287 573 3360 melior
588 3289 699 3345 sorbere
714 3303 848 3345 meracas.

169 3363 247 3430 Quae
261 3365 313 3423 tibi
326 3385 436 3423 summa
449 3367 515 3423 boni
529 3368 589 3424 estl
609 3365 696 3422 unctb
706 3365 807 3422 vixisse
820 3363 923 3440 patella

173 3443 301 3519 Semper,
314 3454 343 3501 et
356 3443 469 3501 assiduo
483 3454 580 3500 curata
594 3443 718 3500 cuticula
731 3444 798 3501 sole.
877 3447 881 3454 “
915 3467 917 3471 ’

171 3519 329 3597 Exspecta:
351 3521 426 3578 haud
440 3521 516 3578 aliud
530 3540 560 3578 re
613 3521 699 3578 ndeat
712 3521 774 3576 haec
788 3537 873 3576 anus:
895 3517 1019 3586 Inuuc;
1106 3590 1109 3596 Ι

172 3597 423 3672 Dinomactcsego
436 3615 505 3670 sum,
519 3617 552 3655 su
583 3617 615 3654 a:
635 3617 695 3654 sum
709 3597 865 3655 candidus:
885 3595 973 3656 Esto:
1069 3613 1073 3620 ·
1110 3593 1152 3656 00

172 3676 249 3737 Dum
264 3695 301 3734 ne
316 3674 439 3734 deteriirs
450 3677 540 3752 sapiat
553 3694 703 3753 pannucea
715 3673 829 3750 Baucis,
