2572 4200
567 234 691 283 SthllA
708 235 754 284 Vl.

166 373 258 432 Altior
273 374 320 432 hic
336 393 423 449 quere
437 374 610 432 cincinnusl
630 375 745 433 Taurea
759 387 842 452 punit

166 449 311 510 continue
327 451 391 510 flexi
406 452 514 509 crimen
529 454 694 528 facinusque
708 455 809 530 capilli.

164 529 246 590 Quid
261 530 365 588 Psecas
381 529 516 588 udmisitl
536 549 666 606 quaeueur
680 541 722 596 est
737 531 784 588 hic
798 534 883 608 culpe
895 535 1008 610 puelle,

165 608 197 664 Si
211 609 261 665 tibi
277 608 420 684 displicuit
433 627 520 666 nasus
533 610 622 665 tuusl
664 610 763 667 Altera
776 609 878 668 laevum

164 683 311 758 Extendit,
326 687 468 762 pectitque
483 705 589 756 comas,
603 699 632 743 et
645 688 728 747 volvit
739 687 769 744 in
783 690 890 747 orbem.

164 763 215 822 Est
229 765 258 821 in
274 765 394 822 consilio
407 775 535 822 metrone
549 764 716 840 admotaque
729 764 802 823 lunis

164 840 291 901 Emeritd
305 861 368 918 quae
382 854 475 899 cesset
489 861 560 900 scu:
581 842 722 908 sententie
734 844 827 919 prime

163 919 260 998 Hujus
273 921 344 990 erit3
366 931 427 998 post
441 922 515 977 hunc
530 929 612 978 aetete
626 932 709 996 utque
723 934 783 980 erte
796 923 922 982 minores

163 998 341 1066 Censebunt,
354 1010 487 1074 tunquam
503 999 584 1056 samse
598 999 750 1058 discrimen
764 1013 863 1077 egetur

162 1078 223 1134 Aut
238 1078 359 1134 enimse:
380 1088 459 1134 tenta
472 1088 515 1134 est
528 1079 672 1155 quaerendi
687 1097 756 1136 cure
770 1080 889 1138 decoris.

162 1155 220 1212 Tot
233 1156 335 1230 premit
348 1156 504 1227 ordinibus,
518 1167 558 1213 tot
571 1156 666 1213 edbuc
679 1157 865 1234 compagibus
879 1160 967 1220 altum

162 1233 299 1290 AEdilicet
313 1245 407 1309 caput.
448 1234 671 1291 Andromachen
686 1253 703 1291 u
717 1235 807 1294 fronte
821 1237 946 1295 videbis:

161 1309 231 1368 Pdst
244 1312 336 1369 minor
351 1323 412 1368 est:
433 1313 532 1369 credes
546 1311 638 1369 aliem.
678 1312 769 1385 Cedo,
783 1316 807 1373 si
820 1315 904 1374 breve
914 1317 993 1394 perri

161 1390 267 1447 Sortitu
281 1402 325 1447 est
338 1388 433 1447 leteris
443 1391 574 1466 spatium,
589 1391 751 1466 breviorque
765 1393 874 1451 ridetur

160 1465 280 1544 Virgine
294 1468 437 1544 Pygmaerl,
452 1468 537 1525 nullis
551 1469 646 1544 udjute
659 1470 815 1542 cothurnis,
913 1517 916 1524 .

160 1543 198 1602 Et
211 1546 281 1604 levis
294 1547 390 1604 erecti
404 1548 554 1622 consurgit·
563 1546 598 1603 ed
606 1547 708 1605 oscula
721 1547 840 1623 planet

199 1624 287 1682 Nulla
300 1624 351 1680 viri
366 1643 435 1682 cura
448 1623 566 1696 interea,
580 1641 635 1682 nec
649 1626 755 1683 mentio
765 1625 814 1684 liet

159 1701 356 1760 Dumnorum:
377 1703 444 1759 vivit
457 1713 589 1778 tunquam
603 1703 696 1760 vicina
709 1705 818 1762 merito.

65 1833 68 1838 .
159 1780 226 1837 Hoc
239 1780 298 1837 solo
310 1781 431 1856 propior,
445 1779 522 1856 qubd
538 1781 643 1838 amieos
657 1782 787 1857 conjugis
799 1784 860 1840 odit

158 1855 198 1916 Er
210 1877 313 1931 servos,
326 1859 419 1934 gravis
432 1870 474 1916 est
487 1859 651 1916 rationibus.
692 1859 770 1916 Ecce
784 1859 903 1920 furentis

158 1935 285 1994 Bellonae
300 1937 451 2012 matrisque
466 1937 551 1994 derim
565 1938 668 1994 chorus
682 1937 776 2009 intrat,
790 1949 820 1995 et
833 1938 936 2015 ingens

160 2015 331 2087 Semivir,-
541 2081 543 2088 ‚
881 2049 883 2056 ,

236 2091 324 2150 -eui
337 2111 424 2150 rauce
437 2095 547 2164 cohors,
561 2088 610 2152 cui
623 2103 756 2169 tympana
770 2094 876 2153 cedunt

157 2169 283 2242 Plebeie,
297 2182 326 2228 et
339 2170 464 2246 Phrygiis
478 2172 594 2228 vestitur
608 2173 699 2228 bucce
712 2172 794 2230 tiarl.

155 2247 273 2306 Grande
287 2260 377 2320 sonet,
392 2244 535 2324 metuique
546 2249 626 2324 jubet
640 2249 814 2324 Septembris
827 2263 856 2308 et
869 2253 968 2321 Austri

157 2328 331 2404 Adventum,
344 2325 398 2384 nisi
413 2346 444 2383 se
457 2338 572 2384 centum
586 2328 743 2386 lustraverit
755 2330 824 2402 ovis,

156 2404 194 2462 Et
205 2404 411 2481 xerampelinas
422 2415 528 2462 veteres
542 2407 687 2463 donaverit
701 2407 763 2481 ipsi,

156 2483 203 2556 Ut,
218 2483 354 2558 quidquid
368 2482 454 2540 subiti
467 2494 496 2540 et
509 2485 604 2560 megni
618 2483 791 2542 discriminis
805 2486 899 2558 instet,

156 2560 193 2618 Iu
206 2560 319 2618 tunices
332 2565 387 2633 eet,
401 2572 430 2617 et
443 2573 533 2620 totum
547 2563 633 2620 semel
647 2561 742 2638 expiet
751 2581 866 2620 anuum.

156 2637 318 2697 Hibernnm
329 2634 420 2701 fracte
433 2639 525 2716 glacie
539 2640 693 2698 descendet
707 2641 736 2696 in
751 2659 874 2714 emnem,

156 2716 216 2775 Ter
230 2717 370 2775 matutino
382 2715 482 2774 Tiberi
496 2731 649 2794 mergetur,
663 2730 692 2775 et
706 2719 775 2792 ipsis

155 2795 319 2853 Vorticibus
332 2796 462 2852 timidum
476 2807 562 2872 caput
575 2796 689 2853 abluet:
711 2796 777 2852 inde
787 2797 910 2873 Superbi

155 2872 264 2932 Totum
277 2873 352 2949 regis
366 2891 465 2950 agrum
479 2875 555 2930 nuda
569 2893 603 2932 ec
616 2873 803 2933 tremebunde
816 2877 943 2934 cruentis

155 2951 261 3028 Erepet
274 2952 405 3028 genibus.
447 2952 479 3008 Si
493 2953 617 3013 candide
628 2952 743 3028 jusserit
757 2952 800 3026 Io,

155 3027 213 3087 Ibit
224 3031 260 3088 ud
275 3030 391 3105 AEgypti
405 3029 501 3102 linem,
516 3031 665 3106 edicitque
678 3031 781 3105 petitus

155 3110 182 3166 A
199 3108 297 3167 Meroe
311 3108 431 3183 portabit
444 3127 539 3182 eques,
553 3120 585 3165 ut
598 3116 710 3184 spergat
723 3109 752 3166 in
767 3110 859 3168 eedem

155 3185 249 3259 Isidis,
263 3187 378 3262 entique
390 3205 453 3261 qure
465 3187 591 3260 proxime
604 3187 694 3262 surgit
705 3185 781 3246 ovili.

155 3264 255 3322 Credit
268 3265 345 3322 enim
357 3265 444 3340 ipsius
458 3265 579 3321 dominre
594 3283 624 3321 se
637 3282 706 3322 voce
720 3266 837 3324 moneri.

155 3340 202 3401 En
216 3344 341 3400 enimam
354 3353 383 3402 et
393 3353 527 3413 mentem,
541 3361 608 3402 cum
620 3343 677 3416 qut
688 3341 718 3400 di
733 3355 817 3402 nocte
830 3344 996 3419 loquentur!

154 3419 232 3497 Ergb
246 3422 294 3478 hic
304 3421 479 3496 precipuum
492 3438 690 3495 summumque
703 3433 827 3480 meretur
840 3424 986 3494 honorem,

153 3497 216 3560 Qui
230 3517 315 3575 grege
329 3497 449 3575 linigero
462 3497 706 3571 circumdatus,'et
718 3517 805 3574 grege
819 3498 899 3556 celvo

154 3575 319 3653 Plangentis
329 3575 425 3652 populi
439 3575 527 3631 currit
540 3575 646 3633 derisor
660 3577 781 3632 Anubis.

154 3653 207 3711 llle
220 3655 290 3730 petit
304 3655 423 3725 venium,
437 3652 547 3728 quoties
560 3671 618 3708 non
632 3653 753 3713 abstinet
766 3671 836 3712 uxor

154 3731 318 3789 Concubitu
333 3732 420 3790 sacris
432 3730 672 3806 observandisque
685 3730 786 3788 diebu
797 3749 805 3802 ;
