2572 4200
141 221 181 281 76
457 220 489 268 D.
506 219 602 268 JUNll
619 219 814 268 JUVENALIS

142 360 179 418 Et
192 360 309 418 meliore
321 359 381 418 luto
392 359 476 419 linxit
489 361 643 436 precordia
657 359 764 422 Titan:

142 440 199 496 Sed
216 439 337 513 reliquos
352 439 486 536 fugienda
500 451 609 514 patrum
624 438 742 512 vestigia
755 438 874 510 ducunt,

141 515 180 574 Et
192 529 347 574 monstrata
359 516 410 574 diu
424 517 525 574 veteris
538 517 622 574 trahit
634 515 725 573 orbita
738 515 837 590 culpae.

142 596 296 652 Abstineas
309 595 394 670 igitur
406 591 574 654 damnandis
587 613 593 650 :
616 594 700 669 hujus
713 593 789 650 enim
804 593 846 650 vel

142 671 207 730 Una
220 684 320 748 potens
334 674 405 731 ratio
414 683 469 744 est,
482 692 519 730 ne
533 672 762 747 crirninasnostra
775 682 927 745 sequantur

142 749 187 808 Ex
199 741 399 827 nubidgeniu;
421 751 552 826 quoniam
567 749 673 808 dociles
687 749 830 806 imitandis

142 827 289 904 Turpibus
303 847 337 885 ac
351 830 442 904 pravis
455 847 555 886 omnes
569 846 683 896 sumus;
705 838 734 884 et
747 815 900 885 Catilinam

141 905 324 982 Quocunque
338 907 366 964 in
381 907 483 983 populo
498 907 603 976 videas,
614 923 782 978 quocunque
796 905 849 961 sub
863 924 932 963 axe:

142 985 199 1040 Sed
215 1002 270 1042 nec
284 985 388 1042 Brutus
400 985 463 1055 erit,
477 984 557 1041 Bruti
571 1002 626 1040 nec
639 982 797 1040 avunculus
811 1001 937 1058 usquam.

141 1061 191 1120 Nil
205 1063 284 1120 dictu
298 1063 402 1119 soedum
419 1064 533 1136 visuque
548 1063 609 1118 haec
623 1061 720 1118 limina
734 1072 841 1136 tangat,

141 1138 293 1216 Intraque
306 1159 376 1216 puer
390 1152 441 1200 est.
482 1140 584 1198 Procul
599 1139 678 1210 hinc,
691 1139 789 1214 procul
803 1138 869 1196 inde
882 1139 983 1215 puellae
1028 1185 1030 1190 .
1129 1205 1134 1215 ι

140 1217 302 1290 Lenonum,
316 1231 345 1276 et
358 1230 459 1275 cantus
472 1219 665 1293 pernoctantis
678 1216 801 1294 parasiti.
1025 1230 1028 1250 ⁴

141 1295 270 1354 Maxima
283 1297 401 1354 debetur
415 1316 503 1372 puero
516 1296 680 1353 reverentia.
723 1294 755 1350 Si
768 1294 834 1369 quid

140 1372 240 1449 Turpe
254 1393 344 1449 paras,
359 1393 396 1430 ne
405 1385 440 1444 tu
454 1374 533 1448 pueri
548 1373 750 1446 contempseris
764 1391 873 1432 annos:

141 1451 199 1508 Sed
213 1463 365 1526 peccaturo
378 1451 470 1508 obstet
483 1451 533 1507 tibi
547 1450 621 1506 lilius
635 1450 736 1507 infans.

141 1527 218 1585 Nam
233 1530 256 1586 si
270 1530 337 1603 quid
351 1530 470 1604 dignum
485 1529 619 1586 Censoris
634 1528 731 1585 fecerit
745 1528 787 1585 ira
951 1575 955 1585 .

139 1607 332 1681 Quandoque,
347 1618 375 1664 et
388 1607 509 1664 similem
523 1605 574 1663 tibi
588 1626 618 1664 se
631 1625 689 1664 non
704 1625 820 1681 corporo
834 1606 945 1666 tantum

141 1683 205 1742 Nec
219 1684 296 1741 vultu
310 1685 428 1756 dederit,
443 1703 552 1742 morum
565 1703 676 1759 quoque
690 1683 775 1755 filius,
788 1696 818 1744 ct
830 1687 879 1759 qui
903 1691 907 1701 “

140 1762 247 1820 Omnia
261 1760 386 1820 deterius
399 1775 449 1820 tua
460 1781 510 1838 per
521 1762 638 1838 vestigia
651 1776 761 1838 pacem,

140 1840 283 1918 Corripies
299 1841 432 1899 nimirum
443 1853 472 1900 et
485 1841 637 1918 castigabis
651 1841 758 1898 acerbo

109 1942 113 1948 ’
141 1918 282 1991 Clamore,
297 1939 331 1990 ac
344 1932 407 1996 post
420 1921 482 1978 haec
495 1920 605 1978 tabulas
619 1929 727 1978 mutare
740 1919 861 1995 parabis.

140 1996 224 2054 Unde
237 1999 289 2055 tibi
304 1999 424 2056 frontem
438 2000 651 2073 libertatemque
665 1998 799 2074 parentis,

139 2074 241 2134 Quum
257 2077 343 2133 facias
356 2077 452 2152 pejora
465 2095 563 2147 senex,
578 2095 754 2151 vacuumque
768 2075 886 2132 cerebro

140 2151 207 2210 Jam
221 2154 329 2229 pridem
344 2167 429 2230 caput
438 2151 497 2215 ‘hoo
512 2166 628 2212 ventosa
642 2153 790 2210 cucurbita
803 2154 931 2228 quierat?

181 2230 302 2306 Hospite
317 2243 444 2304 venturo,
458 2231 581 2289 cessabit
595 2251 679 2289 nemo
693 2243 813 2290 tuorum.

140 2309 230 2365 Verre
243 2309 445 2385 pavimentum,
459 2309 564 2368 nitidas
577 2310 696 2368 ostendo
710 2308 867 2382 columnas,

141 2386 231 2444 Arida
244 2406 310 2443 cum
325 2388 384 2444 toul
398 2388 554 2444 descendat
567 2406 671 2444 aranea
681 2387 755 2456 teliu

141 2463 200 2520 Hic
213 2465 274 2522 leve
288 2476 448 2540 argentum,
462 2483 529 2521 vasa
542 2484 641 2540 aspera
654 2475 764 2541 tergeat
777 2465 863 2534 alter;

140 2542 204 2599 Vox
219 2542 326 2599 domini
340 2539 406 2600 furit
421 2543 561 2613 instantis,
576 2543 738 2618 virgamque
754 2543 885 2601 tenentis.
985 2580 988 2587 -

140 2617 219 2696 Ergo
234 2621 318 2677 miser
332 2621 465 2696 trepidas,
480 2640 516 2678 ne
530 2633 653 2678 stercore
668 2621 743 2678 loeda
755 2621 859 2680 canino

143 2699 223 2756 Atria
235 2698 405 2774 displiceant
417 2699 509 2757 oculis
523 2699 660 2756 venientis
674 2700 767 2772 amici,

141 2774 188 2834 Ne
201 2777 314 2852 perfusa
327 2777 386 2834 luto
399 2778 436 2834 sit
448 2777 589 2854 porticum
610 2787 639 2836 et
652 2788 747 2834 tamen
762 2796 819 2834 unc

34 2903 38 2912 .
141 2854 275 2912 Semodio
288 2855 381 2911 scobis
396 2857 460 2912 has
470 2856 604 2912 emendat
617 2856 745 2912 servulus
759 2873 842 2912 unus.

141 2931 216 2989 Illud
231 2950 287 2989 uon
301 2931 402 3006 agitas,
416 2943 447 2989 ut
461 2943 588 2989 sanctam
602 2931 677 2990 lilius
689 2932 768 2990 omui

141 3009 290 3084 Adspiciat
304 3009 365 3066 sine
378 3009 442 3066 labe
455 3010 581 3080 domurn,
593 3009 714 3084 vitioque
728 3019 871 3066 carentem
882 3010 894 3065 l

139 3087 258 3144 Gratum
272 3097 325 3157 est,
339 3083 415 3160 qudd
429 3087 527 3162 patria
541 3087 632 3144 civem
645 3086 804 3162 populoque
818 3086 931 3162 dedisti,
1083 3093 1122 3152 7⁰

140 3165 173 3222 Si
187 3163 266 3236 facis,
281 3176 313 3221 ut
327 3165 423 3240 patrica
437 3165 473 3222 sit
487 3164 615 3234 idoneus,
629 3163 707 3221 utilis
721 3165 806 3239 agris,

139 3242 223 3302 Utilis
236 3254 265 3300 et
279 3242 414 3300 bellorum
428 3254 458 3300 et
470 3243 549 3320 pacis
562 3243 646 3300 rebus
660 3243 787 3318 agendis.

140 3319 298 3379 Plurimum
313 3320 388 3378 enim
401 3321 536 3392 intererit,
550 3320 653 3394 quibus
667 3320 784 3392 artibus,
798 3332 828 3379 et
840 3323 943 3398 quibus
954 3325 1035 3382 hunc
1049 3336 1081 3383 tu

140 3398 269 3456 Moribus
283 3399 421 3457 instituas.
463 3399 602 3474 Serpente
616 3397 728 3456 ciconia
741 3399 834 3474 pullos

81 3503 83 3512 .
139 3475 170 3533 N
172 3478 247 3548 utrit,
261 3489 290 3534 et
304 3477 418 3534 inventa
432 3495 481 3554 per
495 3477 576 3534 devia
590 3495 655 3535 rura
668 3476 790 3534 lacerta:
1081 3481 1121 3539 ta

141 3553 186 3610 Illi
200 3555 300 3611 eadem
315 3556 433 3630 sumptis
445 3565 575 3629 quaeruut
590 3555 724 3612 animalia
742 3555 845 3630 pinnis.

140 3631 254 3700 Vultur,
265 3631 394 3705 jumento
406 3644 436 3690 et
448 3633 569 3690 canibus
581 3633 770 3708 crucibusque
783 3631 898 3706 relictis,

140 3708 189 3764 Ad
205 3707 288 3764 fetus
300 3720 439 3784 properat,
452 3724 616 3786 partemque
630 3711 775 3770 cadaveris
789 3709 878 3768 affert.
957 3713 959 3718 '
