2572 4200
148 241 184 302 lss
456 239 489 286 D.
506 237 603 288 JUNll
620 239 816 288 JUVENALl!

145 381 318 456 AEquantem
333 377 402 438 sane
416 381 531 458 paribus
545 381 672 438 sestertia
685 379 774 452 libris,

145 460 183 518 Ut
196 459 353 534 perhibent,
367 460 415 534 qui
429 461 464 516 de
479 459 588 534 magnis
602 459 708 533 majora
720 459 880 532 loquuntur.

145 537 303 594 Consilium
317 537 401 594 laudo
416 537 541 607 artificis,
554 537 579 594 si
592 555 709 594 munere
722 548 802 594 tanto

146 615 322 689 Praecipuam
337 616 365 672 in
380 615 482 672 tabulis
496 633 589 672 ceram
604 615 680 670 senis
696 615 809 674 abstulit
822 615 892 674 orbi.

146 693 197 750 Est
211 694 281 750 ratio
296 693 418 765 ulterior,
434 711 543 768 magnae
558 693 581 748 si
595 692 671 748 misit
684 693 793 764 amice,

144 772 221 834 Quae
236 772 345 828 vehitur
359 772 455 829 clauso
468 771 531 828 latis
545 772 737 845 specularibus
751 782 839 830 antro.

146 849 196 908 Nil
210 851 266 907 tale
280 861 442 925 exspectes:
463 849 532 908 eruit
545 850 607 906 sibi.
649 848 741 906 Multa
755 850 893 921 videmus,

145 929 222 990 Quae
236 931 359 985 miseret
373 929 445 1004 frugi
460 946 517 984 non
533 927 599 984 lecit
614 927 741 1002 Apicius.
782 928 849 986 Hoc
862 939 894 987 tu
931 951 933 957 '

147 1007 319 1064 Succinctus
332 1007 422 1082 patrib
436 1007 588 1080 quondam,
602 1006 743 1082 Crispine,
756 1009 881 1082 papyrol
984 1075 994 1088 ,

147 1085 213 1142 Hoc
225 1086 315 1160 pretio
329 1087 472 1160 squamael
492 1084 582 1159 potuit
596 1085 712 1142 fortasse
726 1086 842 1142 minoris

69 1233 71 1238 Ι
147 1163 282 1235 Piscator,
295 1161 380 1237 qurlm
394 1165 489 1240 piscis,
503 1164 567 1222 emi.
609 1164 758 1221 Provincia
772 1163 842 1222 tanti

147 1242 254 1298 Vendit
268 1261 365 1316 agros;
387 1244 436 1299 sed
451 1243 570 1317 majores
584 1242 709 1318 Appulia
723 1242 826 1300 vendit.

146 1318 257 1380 Quales
271 1331 339 1375 tunc
353 1321 450 1394 epulas
465 1321 556 1395 ipsum
570 1319 688 1394 glutisse
701 1331 832 1392 putemus

147 1396 397 1470 Endoperatorem,
411 1417 499 1472 quum
520 1409 562 1456 tot
584 1398 720 1467 sestertia,
734 1410 841 1472 partem

147 1474 297 1549 Exiguam,
313 1486 341 1530 et
355 1477 473 1532 modicae
487 1488 625 1550 sumptam
641 1475 676 1532 de
692 1476 819 1551 margine
833 1493 934 1550 coenoe,
971 1487 975 1496 “

148 1553 310 1626 Purpureus
324 1554 417 1628 magni
432 1553 550 1610 ructbrlt
563 1573 660 1612 scurra
673 1553 775 1625 Palati,
852 1571 855 1580 ’
1008 1576 1032 1590 ”
1091 1553 1132 1613 30

147 1629 212 1686 Jam
226 1631 358 1706 princeps
371 1632 507 1706 equitum,
521 1633 625 1706 magnit
638 1632 686 1706 qui
700 1651 768 1691 voce
782 1633 889 1690 solebat

147 1709 280 1765 Vendere
294 1709 453 1784 municipes
465 1709 548 1768 fricta
563 1711 599 1766 de
614 1726 710 1766 merce
725 1708 848 1766 silurosl

148 1785 258 1862 Incipe,
273 1787 412 1862 Calliope,
426 1788 491 1845 licet
505 1800 534 1846 et
547 1789 712 1845 considere:
734 1807 791 1847 non
805 1801 848 1847 est

148 1865 341 1937 (lentandum,
356 1885 400 1924 res
414 1885 480 1926 vera
493 1867 594 1942 agitur.
636 1866 767 1938 Narrate,
781 1868 882 1944 puella

147 1943 275 2000 Pierides
287 1965 293 2000 ·.
315 1945 401 2020 prosit
415 1946 485 2002 mihi
499 1965 547 2002 vos
561 1946 665 2002 dixisse
678 1947 805 2020 puellas!
1091 1945 1132 2005 ab

185 2022 287 2083 Quum
298 2021 357 2096 jam
371 2024 569 2082 semianimum
582 2023 718 2081 laceraret
732 2024 847 2082 Flavius
861 2025 960 2082 orbem
1009 2051 1014 2058 ·

147 2099 278 2171 Ultimus,
293 2111 321 2156 et
334 2101 414 2159 calvo
427 2103 542 2159 serviret
555 2102 651 2158 Rome
663 2101 789 2171 Neroni;

148 2175 255 2234 Incidit
269 2178 387 2235 Adriaci
402 2181 524 2253 epatium
538 2179 703 2236 admirabile
717 2181 826 2238 rhombi

148 2256 225 2313 Ante
239 2257 354 2312 domum
369 2257 500 2328 Veneris,
511 2275 594 2331 quam
609 2256 714 2314 Dorica
727 2260 846 2316 sustinet
859 2260 974 2332 Ancon,

148 2332 333 2408 Implevitque
344 2334 443 2391 sinus:
466 2355 557 2410 neque
571 2335 648 2392 enim
662 2337 752 2394 minor
767 2338 887 2394 heserat
901 2338 965 2410 illis,
1093 2337 1134 2396 40

146 2412 230 2473 Quos
243 2413 333 2487 operit
346 2413 452 2488 glacies
467 2412 610 2483 Maeotica,
626 2427 761 2490 ruptaque
775 2416 890 2472 tandem
1040 2426 1048 2456 ¹

149 2489 262 2547 Solibus
275 2490 396 2548 effundit
409 2492 544 2566 torpentis
556 2493 590 2548 ad
605 2493 676 2549 ostia
689 2493 773 2549 Ponti

147 2568 267 2626 Desidia
280 2571 384 2641 tardos,
399 2581 427 2628 et
441 2570 526 2645 longo
539 2570 641 2646 frigore
654 2570 783 2646 pingues.

147 2647 279 2705 Destinat
293 2649 346 2705 boc
360 2660 515 2707 monstrum
529 2650 638 2724 cymbae
652 2649 759 2723 linique
773 2649 906 2726 magister

148 2725 279 2783 Pontifici
293 2745 412 2785 summo.
452 2725 529 2788 Quis
543 2729 620 2786 enim
632 2747 788 2804 proponere
802 2729 887 2786 talem
1093 2728 1134 2787 45

149 2805 209 2862 Aut
222 2824 316 2862 emere
331 2807 456 2878 auderet,
471 2825 557 2880 quum
568 2807 653 2882 plena
666 2821 695 2865 et
708 2807 800 2865 littora
814 2807 902 2866 multo

148 2882 280 2940 Delatore
295 2884 405 2941 forentl
447 2884 573 2959 Dispersi
587 2898 721 2959 protenus
734 2887 805 2962 algae

149 2959 334 3033 Inquisitores
347 2971 464 3036 agerent
478 2980 544 3017 cum
558 2963 664 3038 remige
678 2965 765 3034 nudo,

148 3037 216 3096 Non
231 3038 385 3096 dubitaturi
399 3039 547 3119 fugitivum
562 3041 657 3098 dicere
670 3042 788 3116 piscem,

148 3116 360 3192 Depastumque
374 3108 423 3177 dib
437 3117 541 3179 rivaria
554 3118 686 3190 Caesaris,
701 3119 767 3176 inde

149 3195 284 3271 Elapsum
298 3207 420 3252 veterem
432 3193 469 3252 ad
485 3196 630 3254 dominum
644 3199 748 3255 debere
761 3198 871 3256 reverti.

150 3275 182 3331 Si
197 3273 264 3348 quid
278 3273 413 3345 Pallirrio,
424 3275 447 3330 si
462 3275 604 3332 credimus
618 3277 778 3347 Armillato,

148 3352 298 3426 Quidquid
313 3354 509 3428 conspicuum,
523 3353 727 3429 pulchrumque
742 3367 785 3412 est
795 3372 910 3430 'equore
924 3365 992 3428 toto,

149 3429 212 3492 Res
225 3431 286 3487 fisci
300 3442 352 3501 est,
366 3432 527 3506 ubicunque
542 3443 627 3489 uetat.
669 3432 828 3491 Donabitur
841 3431 922 3509 mgb,

149 3508 198 3567 Ne
211 3520 314 3582 pereat.
355 3509 422 3566 Jam
435 3510 544 3568 letifero
557 3511 799 3588 cedentepruinis
1094 3513 1134 3570 55

150 3587 307 3658 Autumno,
319 3587 556 3663 jamquartanam
569 3590 747 3664 sperantibus
760 3590 852 3666 aegris,

151 3663 295 3721 Stridebat
309 3665 443 3724 deformis
457 3667 557 3739 biems,
570 3668 749 3742 predamque
763 3679 906 3726 recentem

150 3741 304 3800 Servabat:
326 3741 421 3800 tamen
435 3745 483 3802 bic
496 3757 635 3821 properat,
650 3745 725 3802 velut
739 3757 858 3822 urgueat
868 3746 984 3804 Auster.
