2572 4200
545 168 668 218 snmus
686 167 736 220 lX.

29 365 30 368 ,
139 311 298 388 'Exsulibus
309 311 428 388 juvenes
441 310 529 387 ipsius
542 310 686 383 Consulis,
700 322 730 369 et
742 330 813 387 quos
923 355 925 361 -

110 442 126 466 ,
144 390 284 468 Magnum
295 389 400 465 aliquid
414 388 501 448 dubit
515 408 566 465 pro
579 391 707 464 libertate
721 391 844 462 deceret,
878 434 890 450 ,.

143 469 233 531 Quod
247 470 395 532 miraretur
409 485 476 525 cum
490 467 601 534 Coclite
615 467 741 542 Mucius,
755 478 785 525 et
797 485 860 543 quae

145 546 262 626 Imperii
276 547 347 604 fines
361 546 532 604 Tiberinum
546 547 624 624 virgo
638 545 752 605 nutavit.

146 624 271 690 Occulta
285 626 321 683 ad
334 635 428 701 patres
438 624 570 701 produxit
584 625 703 682 crimine
717 643 815 682 servus
836 673 839 688 ,

146 703 286 764 Muttonis
298 703 458 779 lugendus:
480 713 508 760 et
521 703 584 761 illos
597 703 713 762 verbero
723 703 813 779 justis,

147 782 286 839 Afficiunt
298 782 399 858 pronis,
413 792 442 839 et
454 781 554 856 legum
563 782 655 856 prims
667 783 784 840 securis.
1032 831 1036 840 .

187 859 266 919 Malo
279 871 358 936 poter
372 859 423 916 tibi
437 859 473 917 sit
484 859 642 932 Thersites,
657 860 811 918 dummodo
824 859 905 918 tusis
1007 919 1009 924 ,
1121 895 1125 902 -

147 937 275 996 AEsoidae
290 937 398 1008 similis,
413 937 608 1012 Vulcaniaque
622 957 700 996 orme
713 957 853 1014 capesses,
1044 995 1049 1002 ,

145 1013 245 1078 Quem
259 1027 288 1073 te
299 1014 441 1073 Thersites
455 1015 577 1080 similem
591 1017 729 1090 producet
742 1016 879 1075 Achilles.
924 1067 928 1074 ,

114 1135 126 1148 .
147 1093 184 1151 Et
198 1105 304 1164 tumen,
319 1104 350 1151 ut
360 1091 446 1169 longd
458 1104 578 1168 repetes,
592 1090 733 1170 longeque
746 1094 871 1152 revolsus

146 1171 271 1243 Nomen,
286 1171 322 1228 sb
336 1171 435 1246 intimi
445 1181 560 1246 gentem
576 1169 695 1228 deducis
707 1171 794 1246 ssylo.

147 1249 289 1326 Majorum
302 1249 410 1325 primus
423 1248 549 1323 quisquis
562 1249 615 1306 suit
629 1249 675 1319 ille
689 1259 825 1320 tuorum,

148 1329 209 1386 Aut
220 1329 314 1404 pastor
326 1327 387 1400 soit,
401 1337 450 1384 sut
463 1326 542 1398 illud,
555 1327 630 1402 quod
644 1327 739 1386 dicere
752 1327 826 1386 nolo.

487 1603 490 1612 ’
519 1613 677 1699 sisinn
699 1640 754 1700 rx.
817 1612 821 1616 ’

185 1799 278 1856 Soron
292 1797 387 1871 velim,
400 1817 487 1873 quere
501 1796 584 1856 toties
597 1797 678 1868 milri,
692 1797 818 1871 Naevole,
833 1801 921 1860 tristis

35 1877 39 1886 ’
145 1876 290 1935 Occurras
300 1877 390 1935 fronte
400 1875 536 1947 obducti,
550 1894 604 1956 ceu
619 1873 733 1950 Marsya
747 1877 888 1937 victus.-

146 1955 214 2013 Non
228 1968 289 2014 erat
303 1956 358 2014 hdo
372 1956 445 2014 secie
459 1953 643 2012 miserabilior
653 1954 824 2030 Crepereius

145 2033 243 2106 Pollio,
257 2034 304 2111 qui
319 2034 458 2111 triplicem
472 2052 585 2091 usuram
595 2043 730 2108 praestnre
743 2047 857 2110 perotus
910 2089 912 2094 s

145 2113 256 2170 Circuit
269 2125 298 2172 et
312 2113 402 2172 fatuos
416 2131 472 2170 non
493 2112 608 2174 invenit.
651 2111 736 2168 Unde
749 2113 866 2189 repenti

24 2245 28 2252 .
145 2190 204 2250 Tot
218 2211 296 2268 rugm
305 2193 326 2248 l.
337 2188 416 2248 oertd
441 2191 554 2248 modico
567 2201 719 2248 contentus
732 2194 836 2268 agebas

145 2269 272 2327 Vernsm
285 2270 418 2345 equitem,
433 2271 550 2328 convivo
561 2269 627 2345 joco
641 2270 789 2328 mordente
801 2272 921 2346 facetus,

145 2347 183 2406 Et
197 2349 303 2406 salibus
316 2349 469 2406 vehemens
483 2349 556 2406 intre
569 2348 706 2423 pomoeria
719 2350 802 2408 notis.
898 2403 900 2410 ,

144 2425 251 2485 Omnis
264 2446 342 2505 nuno
356 2425 456 2486 contri
468 2446 474 2482 :
496 2427 592 2492 vultus¹
603 2427 705 2504 gravis,
721 2429 933 2490 horrido-sicco

146 2506 224 2562 Silva
236 2522 336 2576 corne,
350 2505 445 2562 nullus
458 2500 604 2566 toti‘nitor
618 2507 647 2564 in
662 2517 739 2579 cute,
754 2509 867 2582 qualem

145 2583 255 2642 Bruttia
268 2585 418 2658 praestobst
431 2585 515 2642 calidi
529 2585 580 2642 tibi
596 2584 683 2642 fascis
697 2585 783 2643 visci:

145 2662 204 2718 Sel
218 2663 368 2722 fruticante
382 2662 438 2738 pilo
452 2663 584 2738 neglecto
597 2673 626 2734 et
639 2664 768 2737 squalida
780 2683 872 2722 crura.

145 2739 227 2801 Quid
242 2742 348 2798 macies
363 2741 430 2818 aegri
445 2741 556 2813 veteris,
571 2759 656 2816 quern
670 2752 796 2819 ternpore
808 2744 894 2820 longo

147 2816 251 2876 Torret
264 2832 363 2894 quarte
376 2821 446 2892 dies,
460 2819 584 2895 olimque
598 2819 755 2890 domestico
769 2822 874 2881 febrisl

145 2895 313 2973 Deprendes
326 2899 413 2956 animi
427 2911 567 2956 tormenta
579 2898 693 2956 latentis
706 2901 735 2958 in
751 2919 827 2978 mgro

144 2975 281 3052 Corpore,
295 2975 454 3053 deprendas
467 2989 497 3036 et
509 2978 630 3054 gaudis:
652 2981 738 3046 sumit
751 2991 901 3057 utrumque

144 3052 218 3112 Inde
234 3055 361 3112 habitum
376 3055 470 3114 socies.
511 3055 602 3132 Igitur
616 3055 728 3116 flexisse
742 3059 845 3118 videris

144 3133 334 3210 Propositum,
348 3145 377 3191 et
390 3133 454 3191 vitre
469 3137 627 3194 contrarius
641 3137 682 3198 ire
696 3137 790 3212 priori.

144 3211 245 3288 Nuper
259 3213 347 3284 enirn,
361 3225 393 3272 ut
406 3223 512 3292 repeto,
527 3213 625 3272 sanum
640 3215 734 3287 Isidis,
748 3227 778 3274 et
790 3216 989 3293 Ganymeden,

143 3288 237 3364 Pacis,
251 3302 280 3349 et
293 3292 417 3352 edveotm
431 3303 541 3350 secrete
553 3293 657 3368 palatin
671 3288 782 3367 Manis,
1087 3296 1128 3355 w

144 3367 181 3427 Et
191 3370 327 3428 Cererem
343 3369 422 3448 (nam
436 3389 492 3446 quo
505 3390 562 3430 non
576 3384 681 3447 prostat
694 3373 811 3430 foemins
823 3372 927 3448 templo
934 3372 961 3450 l)
1042 3391 1044 3395 ·

61 3513 64 3519 ,
143 3447 245 3513 Notior
260 3449 377 3508 Aufidio
392 3449 521 3506 moechus
534 3451 678 3508 celebrere
692 3451 852 3508 solebas.-

125 3587 130 3607 ,
143 3527 219 3586 Utile
233 3539 262 3586 et
276 3530 330 3585 hoc
345 3528 440 3586 multis
454 3528 517 3584 vitae
531 3546 639 3604 genus:
660 3529 772 3587 etmihi
786 3528 895 3585 nullum

144 3604 219 3663 {nde
232 3607 470 3684 operaepretium.
512 3606 638 3682 Pingues
652 3607 803 3682 aliquando
816 3607 955 3678 lacernas,

144 3685 324 3744 Muniments
338 3695 421 3760 togae,
436 3685 656 3820 duri5cressique
667 3685 778 3756 coloris,
1032 3682 1035 3697 ¹
1086 3687 1127 3745 2⁵
