2572 4200
149 263 189 320 30
462 259 494 306 D.
511 256 607 306 JUNll
625 257 831 318 JUVENALIS¹

317 369 320 388 .

151 399 240 458 Nunc
253 399 376 475 patimur
390 399 482 476 longae
496 401 575 476 pacis
589 400 671 456 mala.
714 401 820 458 Saevior
834 399 920 457 armis
1076 398 1139 458 245

151 479 277 536 Luxuria
292 479 431 550 incubuit,
447 480 606 553 rictumque
621 479 767 536 ulciscitur
781 480 888 536 orbem.

150 557 272 614 Nullum
286 557 394 614 crimen
411 559 499 626 abest,
515 557 680 632 facinusque
695 557 831 628 libidinis,
846 577 881 613 ex
895 575 952 632 quo
974 550 977 560 ’

151 636 306 710 Paupertas
321 635 453 692 Romana
466 633 546 710 perit.
589 635 668 691 Hine
683 633 763 691 fluxit
777 635 812 691 ad
827 636 895 692 istos

151 711 190 771 Et
204 712 319 788 Sybaris
333 713 429 785 celles,
444 713 512 770 binc
526 724 554 769 et
568 711 698 784 Rhodes,
712 725 745 770 et
755 713 880 784 Miletos,

152 793 246 866 Atque
261 803 426 849 coronatum
440 803 469 848 et
482 791 612 866 petulans
626 791 826 866 madidumque
841 791 1009 849 Tarentum.
1077 790 1139 848 250

153 869 248 927 Prima
261 870 425 946 peregrinos
438 870 573 927 obscoeua
587 869 715 926 Pecunia
724 889 821 927 mores

154 947 263 1020 Intulit,
277 960 306 1005 et
320 949 393 1023 turpi
408 949 553 1023 fregerunt
567 947 672 1005 saecula
686 949 754 1006 lurru

152 1025 266 1084 Divitiae
281 1025 386 1083 molles.
427 1025 509 1086 Quid
524 1025 600 1083 enim
615 1027 716 1084 Venus
730 1027 808 1084 ebria
821 1027 965 1084 curati-

191 1103 230 1162 Ut
241 1116 349 1180 spectet
362 1105 454 1175 ludos,
470 1106 606 1162 conducit
619 1106 747 1181 Ogulnia
761 1115 878 1178 vestem,

152 1183 298 1242 Conducit
312 1185 440 1253 comites,
455 1184 563 1254 sellam,
578 1184 709 1254 cervical,
724 1185 848 1254 amicas,
1076 1181 1137 1244 255

152 1261 314 1333 Nutricem,
329 1272 358 1317 et
373 1260 482 1333 flavam,
497 1263 544 1318 cui
560 1262 608 1320 det
621 1264 764 1334 mandata,
778 1261 911 1338 puellam.
956 1295 959 1302 ·

153 1338 226 1395 Haec
240 1350 334 1396 tamen
349 1341 458 1413 argenti
473 1352 600 1415 superest
613 1340 801 1415 quodcunque
812 1339 922 1415 paterni

152 1417 275 1474 Levibus
288 1416 412 1488 athletis,
423 1436 458 1474 ec
472 1437 537 1474 vasa
551 1419 703 1475 novissima
716 1419 811 1475 donat.

152 1493 253 1552 Multis
267 1514 312 1551 res
327 1507 447 1570 angusta
459 1496 554 1553 dorni:
575 1497 625 1552 sed
640 1497 718 1553 nulla
731 1497 868 1571 pudorem

153 1573 329 1648 Paupertatis
344 1574 438 1645 habet,
453 1593 508 1630 nec
523 1595 552 1630 se
567 1576 681 1630 metitur
694 1574 730 1630 ad
745 1575 849 1645 illurn,
984 1585 987 1588 '
1036 1639 1045 1646 „
1077 1571 1137 1630 260

151 1649 249 1711 Quem
264 1652 342 1708 dedit
354 1652 415 1708 haec
429 1653 587 1727 posuitque,
602 1653 726 1708 modurn.
768 1653 881 1710 Tamen
896 1651 965 1710 utile
977 1651 1046 1728 quid
1060 1651 1096 1708 sit

152 1729 332 1805 Prospiciunt
345 1730 497 1805 aliquando
511 1730 561 1788 viri
574 1751 580 1800 3
603 1731 745 1807 frigusque
760 1731 920 1806 famemque

152 1807 287 1866 Formica
300 1810 416 1866 taudem
433 1805 549 1883 quidam
563 1808 701 1886 expavere
715 1811 859 1884 magistri.
943 1847 946 1856 ι

151 1885 274 1964 Prodiga
288 1907 344 1944 non
360 1889 445 1945 sentit
458 1899 626 1963 pereuntem
642 1889 758 1946 loemina
771 1907 901 1961 censum,

152 1967 208 2037 Ac,
223 1967 298 2023 velut
310 1968 447 2024 exhauste
461 1968 602 2032 recidivus
614 1968 733 2047 pullulet
746 1969 813 2024 arcti
1075 1963 1137 2022 265

151 2043 295 2102 Nummus
309 2056 338 2102 et
351 2065 366 2102 e
380 2047 466 2121 pleno
480 2064 590 2120 semper
604 2047 716 2102 tollatur
731 2065 841 2118 acervo,

151 2122 218 2180 Non
233 2143 357 2198 unquam
368 2135 488 2198 reputat,
498 2124 595 2198 quenti
610 2125 663 2181 sibi
677 2125 781 2200 gaudia
796 2134 976 2182 constent-

192 2202 223 2258 Si
237 2202 343 2276 gaudet
356 2213 459 2270 cautu3
481 2201 586 2258 nullius
600 2200 685 2259 fibula
699 2203 782 2259 durat
914 2209 918 2216 '

151 2277 261 2336 Vocem
276 2281 423 2336 vendentis
437 2280 621 2354 praetoribus:
642 2299 749 2356 organa
762 2301 872 2357 semper
909 2309 911 2313 ·

151 2356 187 2414 In
202 2358 351 2414 manibus:
373 2358 454 2414 densi
468 2359 579 2415 radiant
592 2361 734 2416 testudine
749 2360 812 2416 tota
1076 2361 1137 2420 ‘270

152 2435 369 2510 Sardonyches:
391 2436 484 2512 crispo
497 2441 682 2494 numerantur
696 2438 809 2512 pectine
823 2438 948 2511 eherdae,

150 2512 220 2574 Quo
234 2525 314 2575 tener
329 2513 501 2589 Hedymeles
515 2534 615 2589 operas
629 2517 725 2572 dedit:
748 2517 825 2572 hunc
839 2528 927 2588 tenet,
942 2519 997 2575 hoc
1010 2535 1042 2575 aa

152 2591 275 2663 Solatur,
290 2605 425 2668 gratoque
439 2593 568 2668 indulget
581 2594 659 2651 baria
672 2595 787 2670 plectro.

151 2668 295 2730 Quadam
310 2671 345 2728 de
360 2689 478 2729 numero
492 2672 656 2730 Lamiarum
670 2693 704 2730 ac
718 2673 842 2731 nominis
857 2672 906 2732 alti

151 2748 226 2805 Cum
241 2749 313 2806 serre
328 2760 356 2806 et
370 2750 435 2807 vino
450 2750 556 2808 lanum
571 2753 744 2827 Vestamque
757 2752 883 2828 rogabat,
1075 2753 1135 2812 275

151 2828 201 2884 An
216 2827 405 2904 Capitolinam
420 2831 535 2886 deberet
549 2829 639 2887 Pollio
652 2844 787 2906 quercum
1034 2845 1040 2850 “

152 2906 281 2980 Sperare,
295 2917 324 2962 et
338 2905 441 2962 fidibus
454 2908 623 2981 promittere.
664 2907 746 2967 Quid
761 2909 867 2964 iaceret
880 2909 943 2984 plus

151 2981 319 3057 AEgretante
331 2983 409 3040 virol
431 2985 549 3040 medicis
562 2986 630 3060 quid
644 2985 770 3042 tristibus
783 2994 850 3062 erga
916 2979 925 3004 ²

151 3060 284 3118 Piliolum
297 3061 309 3116 l
350 3062 434 3136 Stetit
448 3073 513 3118 ante
527 3081 615 3135 aram,
629 3083 684 3122 nec
698 3076 779 3139 turpe
786 3064 898 3139 'putavit

150 3139 206 3196 Pro
219 3139 329 3196 cithari
343 3139 435 3196 velare
449 3153 552 3215 caput;
575 3143 735 3218 dictataque
750 3143 834 3200 verba
1076 3145 1136 3206 'Ul

150 3217 280 3290 Pertulit,
295 3227 325 3274 ut
339 3237 400 3276 mos
413 3231 465 3292 est,
477 3231 507 3277 et
521 3222 617 3296 aperui
631 3221 730 3296 palluit
744 3223 827 3298 agna.

150 3295 207 3354 Dic
221 3298 289 3355 milri
304 3315 391 3370 nunc,
405 3317 510 3372 quaesc,
524 3300 580 3370 dic,
596 3300 789 3375 antiquissime
802 3300 909 3374 diutim,

150 3375 320 3452 Respondes
334 3376 388 3450 bis,
403 3376 477 3434 lane
490 3378 592 3452 paterl
633 3377 740 3454 Magna
754 3380 812 3437 otia
825 3381 909 3438 coeli:

150 3453 218 3512 Non
232 3467 284 3527 est,
298 3468 330 3514 ut
344 3456 435 3528 video,
450 3476 506 3514 nou
520 3469 573 3528 est,
586 3459 660 3532 quod
675 3470 773 3534 agatur
788 3460 863 3534 apud
877 3478 933 3518 vos.

151 3531 224 3590 Haec
237 3534 273 3590 de
287 3535 423 3592 eomoedis
437 3546 465 3592 te
479 3536 617 3594 consulit:
638 3537 685 3594 illa
699 3539 857 3614 tragoedum
1074 3537 1134 3596 285

150 3610 360 3669 Commendare
375 3614 464 3671 volet:
486 3615 630 3674 varicosus
644 3614 692 3674 liet
703 3617 853 3693 haruspex,
1230 3623 1234 3630 ⁴

113 3700 118 3720 ¹
190 3689 247 3745 Sed
262 3701 358 3748 cantet
368 3689 470 3766 potiris,
484 3692 569 3768 quim
584 3706 669 3752 totam
683 3696 806 3771 pervolet
819 3695 918 3754 urbem

150 3767 264 3839 Audax,
278 3778 307 3824 et
320 3781 411 3826 caetus
424 3771 513 3845 possit
526 3769 612 3847 quim
628 3774 700 3832 serre
714 3775 846 3847 virorum,
