<?xml version="1.0" encoding="UTF-8"?>
<!DOCTYPE html PUBLIC "-//W3C//DTD XHTML 1.0 Transitional//EN"
    "http://www.w3.org/TR/xhtml1/DTD/xhtml1-transitional.dtd">
<html xmlns="http://www.w3.org/1999/xhtml" xml:lang="en" lang="en">
 <head>
  <title>
</title>
<meta http-equiv="Content-Type" content="text/html;charset=utf-8" />
  <meta name='ocr-system' content='tesseract 3.04.00' />
  <meta name='ocr-capabilities' content='ocr_page ocr_carea ocr_par ocr_line ocrx_word'/>
</head>
<body>
  <div class='ocr_page' id='page_1' title='image "./decimijuniijuve01levegoog_0009.png"; bbox 0 0 2572 4200; ppageno 0'>
   <div class='ocr_carea' id='block_1_1' title="bbox 301 603 973 689">
    <p class='ocr_par' dir='ltr' id='par_1_1' title="bbox 301 603 973 689">
     <span class='ocr_line' id='line_1_1' title="bbox 301 603 973 689; baseline 0 -1"><span class='ocrx_word' id='word_1_1' title='bbox 301 603 973 689; x_wconf 76' lang='lat' dir='ltr'><strong>n‘.JUN11JUVENAL18</strong></span> 
     </span>
    </p>
   </div>
   <div class='ocr_carea' id='block_1_2' title="bbox 556 871 721 916">
    <p class='ocr_par' dir='ltr' id='par_1_2' title="bbox 556 871 721 916">
     <span class='ocr_line' id='line_1_2' title="bbox 556 871 721 916; baseline 0.012 -6"><span class='ocrx_word' id='word_1_2' title='bbox 556 871 721 916; x_wconf 64' lang='lat' dir='ltr'><strong>Anulum!</strong></span> 
     </span>
    </p>
   </div>
   <div class='ocr_carea' id='block_1_3' title="bbox 453 1091 824 1188">
    <p class='ocr_par' dir='ltr' id='par_1_3' title="bbox 453 1091 824 1188">
     <span class='ocr_line' id='line_1_3' title="bbox 453 1091 824 1188; baseline 0 -32"><span class='ocrx_word' id='word_1_3' title='bbox 453 1091 824 1188; x_wconf 73' lang='lat' dir='ltr'><strong>sunrnnnuu</strong></span> 
     </span>
    </p>
   </div>
   <div class='ocr_carea' id='block_1_4' title="bbox 521 1343 785 1392">
    <p class='ocr_par' dir='ltr' id='par_1_4' title="bbox 521 1343 785 1392">
     <span class='ocr_line' id='line_1_4' title="bbox 521 1343 785 1392; baseline 0 0"><span class='ocrx_word' id='word_1_4' title='bbox 521 1343 626 1392; x_wconf 76' lang='lat' dir='ltr'>LIBER</span> <span class='ocrx_word' id='word_1_5' title='bbox 642 1343 785 1392; x_wconf 83' lang='lat' dir='ltr'><strong>PRIMUS.</strong></span> 
     </span>
    </p>
   </div>
   <div class='ocr_carea' id='block_1_5' title="bbox 533 1772 736 1832">
    <p class='ocr_par' dir='ltr' id='par_1_5' title="bbox 533 1772 736 1832">
     <span class='ocr_line' id='line_1_5' title="bbox 533 1772 736 1832; baseline -0.005 -2"><span class='ocrx_word' id='word_1_6' title='bbox 533 1772 691 1832; x_wconf 83' lang='lat' dir='ltr'>SATIRA</span> <span class='ocrx_word' id='word_1_7' title='bbox 712 1772 736 1830; x_wconf 90' lang='lat'><strong>1.</strong></span> 
     </span>
    </p>
   </div>
   <div class='ocr_carea' id='block_1_6' title="bbox 185 1927 1011 2004">
    <p class='ocr_par' dir='ltr' id='par_1_6' title="bbox 185 1927 1011 2004">
     <span class='ocr_line' id='line_1_6' title="bbox 185 1927 1011 2004; baseline 0 -18"><span class='ocrx_word' id='word_1_8' title='bbox 185 1928 311 1986; x_wconf 72' lang='lat' dir='ltr'><strong>Sensus</strong></span> <span class='ocrx_word' id='word_1_9' title='bbox 324 1947 379 2004; x_wconf 87' lang='lat' dir='ltr'><strong>ego</strong></span> <span class='ocrx_word' id='word_1_10' title='bbox 392 1928 503 1985; x_wconf 81' lang='lat' dir='ltr'><strong>auditor</strong></span> <span class='ocrx_word' id='word_1_11' title='bbox 517 1927 651 1986; x_wconf 67' lang='lat' dir='ltr'><strong>tantum?</strong></span> <span class='ocrx_word' id='word_1_12' title='bbox 671 1946 855 2003; x_wconf 73' lang='lat' dir='ltr'><strong>nunquamne</strong></span> <span class='ocrx_word' id='word_1_13' title='bbox 865 1947 1011 2003; x_wconf 76' lang='lat' dir='ltr'><strong>reponem,</strong></span> 
     </span>
    </p>
   </div>
   <div class='ocr_carea' id='block_1_7' title="bbox 77 2005 743 2064">
    <p class='ocr_par' dir='ltr' id='par_1_7' title="bbox 77 2005 743 2064">
     <span class='ocr_line' id='line_1_7' title="bbox 77 2005 743 2064; baseline -0.002 0"><span class='ocrx_word' id='word_1_14' title='bbox 77 2013 86 2022; x_wconf 85' lang='grc'><em>”</em></span> <span class='ocrx_word' id='word_1_15' title='bbox 145 2006 273 2064; x_wconf 74' lang='lat' dir='ltr'><strong>Venatus</strong></span> <span class='ocrx_word' id='word_1_16' title='bbox 286 2007 368 2064; x_wconf 89' lang='lat' dir='ltr'><strong>toties</strong></span> <span class='ocrx_word' id='word_1_17' title='bbox 381 2007 460 2064; x_wconf 76' lang='lat' dir='ltr'><strong>rauci</strong></span> <span class='ocrx_word' id='word_1_18' title='bbox 474 2005 620 2064; x_wconf 87' lang='lat' dir='ltr'><strong>Theseide</strong></span> <span class='ocrx_word' id='word_1_19' title='bbox 634 2007 743 2064; x_wconf 76' lang='lat' dir='ltr'><strong>Codrir</strong></span> 
     </span>
    </p>
   </div>
   <div class='ocr_carea' id='block_1_8' title="bbox 145 2082 1133 3802">
    <p class='ocr_par' dir='ltr' id='par_1_8' title="bbox 145 2082 1133 3802">
     <span class='ocr_line' id='line_1_8' title="bbox 146 2082 802 2162; baseline 0 -20"><span class='ocrx_word' id='word_1_20' title='bbox 146 2083 268 2160; x_wconf 84' lang='lat' dir='ltr'><strong>Impune</strong></span> <span class='ocrx_word' id='word_1_21' title='bbox 282 2082 351 2159; x_wconf 85' lang='lat' dir='ltr'><strong>ergd</strong></span> <span class='ocrx_word' id='word_1_22' title='bbox 366 2084 435 2142; x_wconf 92' lang='lat' dir='ltr'><strong>mihi</strong></span> <span class='ocrx_word' id='word_1_23' title='bbox 450 2086 608 2143; x_wconf 79' lang='lat' dir='ltr'><strong>recitaverit</strong></span> <span class='ocrx_word' id='word_1_24' title='bbox 622 2085 670 2142; x_wconf 90' lang='lat' dir='ltr'><strong>ille</strong></span> <span class='ocrx_word' id='word_1_25' title='bbox 684 2095 802 2162; x_wconf 75' lang='lat' dir='ltr'><strong>togatus,</strong></span> 
     </span>
     <span class='ocr_line' id='line_1_9' title="bbox 147 2162 899 2239; baseline 0.001 -20"><span class='ocrx_word' id='word_1_26' title='bbox 147 2162 206 2220; x_wconf 91' lang='lat' dir='ltr'><strong>Hic</strong></span> <span class='ocrx_word' id='word_1_27' title='bbox 219 2163 335 2238; x_wconf 68' lang='lat' dir='ltr'><strong>elegos?</strong></span> <span class='ocrx_word' id='word_1_28' title='bbox 356 2164 471 2237; x_wconf 89' lang='lat' dir='ltr'><strong>impune</strong></span> <span class='ocrx_word' id='word_1_29' title='bbox 485 2163 561 2220; x_wconf 89' lang='lat' dir='ltr'><strong>diem</strong></span> <span class='ocrx_word' id='word_1_30' title='bbox 576 2164 781 2239; x_wconf 86' lang='lat' dir='ltr'><strong>consumpserit</strong></span> <span class='ocrx_word' id='word_1_31' title='bbox 795 2162 899 2236; x_wconf 75' lang='lat' dir='ltr'><strong>iugens</strong></span> 
     </span>
     <span class='ocr_line' id='line_1_10' title="bbox 146 2240 1131 2317; baseline -0.002 -19"><span class='ocrx_word' id='word_1_32' title='bbox 146 2241 313 2316; x_wconf 65' lang='lat' dir='ltr'><strong>Telephus?</strong></span> <span class='ocrx_word' id='word_1_33' title='bbox 334 2252 383 2297; x_wconf 83' lang='lat' dir='ltr'><strong>out</strong></span> <span class='ocrx_word' id='word_1_34' title='bbox 397 2242 498 2298; x_wconf 87' lang='lat' dir='ltr'><strong>summi</strong></span> <span class='ocrx_word' id='word_1_35' title='bbox 513 2241 598 2316; x_wconf 73' lang='lat' dir='ltr'><strong>plend</strong></span> <span class='ocrx_word' id='word_1_36' title='bbox 609 2261 667 2317; x_wconf 73' lang='lat' dir='ltr'><strong>jam</strong></span> <span class='ocrx_word' id='word_1_37' title='bbox 682 2242 809 2316; x_wconf 82' lang='lat' dir='ltr'><strong>margine</strong></span> <span class='ocrx_word' id='word_1_38' title='bbox 822 2241 886 2298; x_wconf 82' lang='lat' dir='ltr'>libri</span> <span class='ocrx_word' id='word_1_39' title='bbox 1104 2240 1131 2296; x_wconf 67' lang='lat' dir='ltr'><strong>d</strong></span> 
     </span>
     <span class='ocr_line' id='line_1_11' title="bbox 147 2319 943 2394; baseline 0 -18"><span class='ocrx_word' id='word_1_40' title='bbox 147 2320 276 2394; x_wconf 80' lang='lat' dir='ltr'><strong>Scriptus</strong></span> <span class='ocrx_word' id='word_1_41' title='bbox 290 2330 319 2376; x_wconf 86' lang='lat' dir='ltr'><strong>et</strong></span> <span class='ocrx_word' id='word_1_42' title='bbox 333 2319 362 2374; x_wconf 93' lang='lat' dir='ltr'><strong>in</strong></span> <span class='ocrx_word' id='word_1_43' title='bbox 376 2330 465 2392; x_wconf 86' lang='lat' dir='ltr'><strong>tergo,</strong></span> <span class='ocrx_word' id='word_1_44' title='bbox 479 2339 534 2376; x_wconf 92' lang='lat' dir='ltr'><strong>uec</strong></span> <span class='ocrx_word' id='word_1_45' title='bbox 548 2321 614 2376; x_wconf 93' lang='lat' dir='ltr'><strong>dum</strong></span> <span class='ocrx_word' id='word_1_46' title='bbox 629 2320 735 2390; x_wconf 87' lang='lat' dir='ltr'><strong>finitus,</strong></span> <span class='ocrx_word' id='word_1_47' title='bbox 749 2319 889 2376; x_wconf 78' lang='lat' dir='ltr'><strong>orestest</strong></span> <span class='ocrx_word' id='word_1_48' title='bbox 941 2345 943 2350; x_wconf 55' lang='lat'><strong><em>¹</em></strong></span> 
     </span>
     <span class='ocr_line' id='line_1_12' title="bbox 185 2395 973 2472; baseline 0.003 -20"><span class='ocrx_word' id='word_1_49' title='bbox 185 2396 263 2455; x_wconf 78' lang='lat' dir='ltr'><strong>Nota</strong></span> <span class='ocrx_word' id='word_1_50' title='bbox 276 2397 367 2472; x_wconf 83' lang='lat' dir='ltr'><strong>magis</strong></span> <span class='ocrx_word' id='word_1_51' title='bbox 381 2397 450 2452; x_wconf 88' lang='lat' dir='ltr'><strong>nulii</strong></span> <span class='ocrx_word' id='word_1_52' title='bbox 464 2397 564 2454; x_wconf 90' lang='lat' dir='ltr'><strong>domus</strong></span> <span class='ocrx_word' id='word_1_53' title='bbox 577 2409 620 2455; x_wconf 84' lang='lat' dir='ltr'><strong>est</strong></span> <span class='ocrx_word' id='word_1_54' title='bbox 634 2418 694 2468; x_wconf 85' lang='lat' dir='ltr'><strong>sua,</strong></span> <span class='ocrx_word' id='word_1_55' title='bbox 708 2395 794 2472; x_wconf 69' lang='lat' dir='ltr'><strong>quum</strong></span> <span class='ocrx_word' id='word_1_56' title='bbox 809 2399 878 2455; x_wconf 90' lang='lat' dir='ltr'><strong>mihi</strong></span> <span class='ocrx_word' id='word_1_57' title='bbox 892 2397 973 2454; x_wconf 78' lang='lat' dir='ltr'><strong>lucus</strong></span> 
     </span>
     <span class='ocr_line' id='line_1_13' title="bbox 146 2473 805 2551; baseline 0.003 -21"><span class='ocrx_word' id='word_1_58' title='bbox 146 2473 257 2546; x_wconf 77' lang='lat' dir='ltr'><strong>Mortis,</strong></span> <span class='ocrx_word' id='word_1_59' title='bbox 271 2486 299 2532; x_wconf 87' lang='lat' dir='ltr'><strong>et</strong></span> <span class='ocrx_word' id='word_1_60' title='bbox 313 2473 415 2532; x_wconf 86' lang='lat' dir='ltr'><strong>AEoliis</strong></span> <span class='ocrx_word' id='word_1_61' title='bbox 429 2475 553 2532; x_wconf 89' lang='lat' dir='ltr'><strong>vicinum</strong></span> <span class='ocrx_word' id='word_1_62' title='bbox 567 2477 684 2551; x_wconf 83' lang='lat' dir='ltr'><strong>rupibus</strong></span> <span class='ocrx_word' id='word_1_63' title='bbox 694 2488 805 2532; x_wconf 79' lang='lat' dir='ltr'><strong>antrum</strong></span> 
     </span>
     <span class='ocr_line' id='line_1_14' title="bbox 146 2552 953 2629; baseline 0 -19"><span class='ocrx_word' id='word_1_64' title='bbox 146 2553 278 2610; x_wconf 79' lang='lat' dir='ltr'><strong>Vulcani.</strong></span> <span class='ocrx_word' id='word_1_65' title='bbox 318 2552 399 2614; x_wconf 79' lang='lat' dir='ltr'><strong>Quid</strong></span> <span class='ocrx_word' id='word_1_66' title='bbox 415 2565 501 2628; x_wconf 79' lang='lat' dir='ltr'><strong>agunt</strong></span> <span class='ocrx_word' id='word_1_67' title='bbox 515 2555 600 2624; x_wconf 87' lang='lat' dir='ltr'><strong>venti,</strong></span> <span class='ocrx_word' id='word_1_68' title='bbox 614 2573 684 2629; x_wconf 85' lang='lat' dir='ltr'><strong>quas</strong></span> <span class='ocrx_word' id='word_1_69' title='bbox 697 2565 825 2628; x_wconf 73' lang='lat' dir='ltr'><strong>torqueat</strong></span> <span class='ocrx_word' id='word_1_70' title='bbox 838 2554 953 2610; x_wconf 75' lang='lat' dir='ltr'><strong>umbras</strong></span> 
     </span>
     <span class='ocr_line' id='line_1_15' title="bbox 146 2631 1133 2700; baseline 0.003 -12"><span class='ocrx_word' id='word_1_71' title='bbox 146 2631 264 2700; x_wconf 83' lang='lat' dir='ltr'><strong>AEncus,</strong></span> <span class='ocrx_word' id='word_1_72' title='bbox 278 2631 355 2687; x_wconf 93' lang='lat' dir='ltr'><strong>unde</strong></span> <span class='ocrx_word' id='word_1_73' title='bbox 370 2631 441 2687; x_wconf 86' lang='lat' dir='ltr'><strong>alius</strong></span> <span class='ocrx_word' id='word_1_74' title='bbox 456 2632 565 2689; x_wconf 78' lang='lat' dir='ltr'><strong>surtivsc</strong></span> <span class='ocrx_word' id='word_1_75' title='bbox 578 2633 698 2690; x_wconf 83' lang='lat' dir='ltr'><strong>devehat</strong></span> <span class='ocrx_word' id='word_1_76' title='bbox 711 2651 812 2688; x_wconf 82' lang='lat' dir='ltr'><strong>aurum</strong></span> <span class='ocrx_word' id='word_1_77' title='bbox 1093 2633 1133 2692; x_wconf 76' lang='grc'><strong>10</strong></span> 
     </span>
     <span class='ocr_line' id='line_1_16' title="bbox 146 2709 1125 2784; baseline -0.002 -18"><span class='ocrx_word' id='word_1_78' title='bbox 146 2709 300 2776; x_wconf 81' lang='lat' dir='ltr'><strong>Peiiiculae,</strong></span> <span class='ocrx_word' id='word_1_79' title='bbox 314 2720 433 2783; x_wconf 73' lang='lat' dir='ltr'><strong>quantas</strong></span> <span class='ocrx_word' id='word_1_80' title='bbox 444 2709 584 2784; x_wconf 79' lang='lat' dir='ltr'><strong>jaculetur</strong></span> <span class='ocrx_word' id='word_1_81' title='bbox 599 2709 761 2782; x_wconf 83' lang='lat' dir='ltr'><strong>Monychus</strong></span> <span class='ocrx_word' id='word_1_82' title='bbox 773 2727 867 2778; x_wconf 86' lang='lat' dir='ltr'><strong>ornos,</strong></span> <span class='ocrx_word' id='word_1_83' title='bbox 1122 2714 1125 2720; x_wconf 86' lang='lat'><em>&#39;</em></span> 
     </span>
     <span class='ocr_line' id='line_1_17' title="bbox 146 2785 937 2863; baseline 0.001 -20"><span class='ocrx_word' id='word_1_84' title='bbox 146 2786 298 2845; x_wconf 83' lang='lat' dir='ltr'><strong>Frontonis</strong></span> <span class='ocrx_word' id='word_1_85' title='bbox 311 2787 427 2863; x_wconf 82' lang='lat' dir='ltr'><strong>platani,</strong></span> <span class='ocrx_word' id='word_1_86' title='bbox 441 2788 632 2861; x_wconf 81' lang='lat' dir='ltr'><strong>convulsaque</strong></span> <span class='ocrx_word' id='word_1_87' title='bbox 659 2805 799 2844; x_wconf 78' lang='lat' dir='ltr'><strong>marmora</strong></span> <span class='ocrx_word' id='word_1_88' title='bbox 812 2785 937 2844; x_wconf 80' lang='lat' dir='ltr'><strong>clement</strong></span> 
     </span>
     <span class='ocr_line' id='line_1_18' title="bbox 148 2865 826 2941; baseline -0.001 -19"><span class='ocrx_word' id='word_1_89' title='bbox 148 2866 274 2941; x_wconf 85' lang='lat' dir='ltr'><strong>Semper,</strong></span> <span class='ocrx_word' id='word_1_90' title='bbox 289 2876 317 2922; x_wconf 84' lang='lat' dir='ltr'><strong>et</strong></span> <span class='ocrx_word' id='word_1_91' title='bbox 330 2865 443 2922; x_wconf 82' lang='lat' dir='ltr'><strong>assiduo</strong></span> <span class='ocrx_word' id='word_1_92' title='bbox 457 2877 545 2940; x_wconf 86' lang='lat' dir='ltr'><strong>ruptae</strong></span> <span class='ocrx_word' id='word_1_93' title='bbox 560 2866 664 2923; x_wconf 89' lang='lat' dir='ltr'><strong>lectore</strong></span> <span class='ocrx_word' id='word_1_94' title='bbox 678 2867 826 2922; x_wconf 76' lang='lat' dir='ltr'><strong>columnse.</strong></span> 
     </span>
     <span class='ocr_line' id='line_1_19' title="bbox 146 2943 848 3019; baseline 0 -19"><span class='ocrx_word' id='word_1_95' title='bbox 146 2943 301 3019; x_wconf 85' lang='lat' dir='ltr'><strong>Exspectes</strong></span> <span class='ocrx_word' id='word_1_96' title='bbox 311 2944 411 3000; x_wconf 82' lang='lat' dir='ltr'><strong>oedem</strong></span> <span class='ocrx_word' id='word_1_97' title='bbox 426 2964 442 3000; x_wconf 84' lang='lat' dir='ltr'>a</span> <span class='ocrx_word' id='word_1_98' title='bbox 456 2963 567 3001; x_wconf 87' lang='lat' dir='ltr'><strong>summo</strong></span> <span class='ocrx_word' id='word_1_99' title='bbox 582 2945 753 3018; x_wconf 90' lang='lat' dir='ltr'><strong>minimoque</strong></span> <span class='ocrx_word' id='word_1_100' title='bbox 767 2943 848 3018; x_wconf 67' lang='lat' dir='ltr'><strong>podtd</strong></span> 
     </span>
     <span class='ocr_line' id='line_1_20' title="bbox 186 3019 930 3097; baseline 0.001 -18"><span class='ocrx_word' id='word_1_101' title='bbox 186 3021 223 3079; x_wconf 87' lang='lat' dir='ltr'><strong>Et</strong></span> <span class='ocrx_word' id='word_1_102' title='bbox 237 3041 288 3079; x_wconf 90' lang='lat' dir='ltr'><strong>uos</strong></span> <span class='ocrx_word' id='word_1_103' title='bbox 301 3019 369 3097; x_wconf 73' lang='lat' dir='ltr'><strong>ergo</strong></span> <span class='ocrx_word' id='word_1_104' title='bbox 385 3041 499 3080; x_wconf 84' lang='lat' dir='ltr'><strong>manum</strong></span> <span class='ocrx_word' id='word_1_105' title='bbox 516 3023 610 3080; x_wconf 84' lang='lat' dir='ltr'><strong>serulae</strong></span> <span class='ocrx_word' id='word_1_106' title='bbox 624 3023 820 3092; x_wconf 88' lang='lat' dir='ltr'><strong>subduximus,</strong></span> <span class='ocrx_word' id='word_1_107' title='bbox 834 3033 865 3080; x_wconf 87' lang='lat' dir='ltr'><strong>et</strong></span> <span class='ocrx_word' id='word_1_108' title='bbox 878 3041 930 3080; x_wconf 87' lang='lat' dir='ltr'><strong>nos</strong></span> 
     </span>
     <span class='ocr_line' id='line_1_21' title="bbox 146 3099 841 3176; baseline -0.003 -18"><span class='ocrx_word' id='word_1_109' title='bbox 146 3099 303 3158; x_wconf 81' lang='lat' dir='ltr'><strong>Consilium</strong></span> <span class='ocrx_word' id='word_1_110' title='bbox 318 3101 448 3158; x_wconf 82' lang='lat' dir='ltr'><strong>dedimus</strong></span> <span class='ocrx_word' id='word_1_111' title='bbox 463 3101 559 3172; x_wconf 81' lang='lat' dir='ltr'><strong>Sullae,</strong></span> <span class='ocrx_word' id='word_1_112' title='bbox 573 3101 696 3176; x_wconf 80' lang='lat' dir='ltr'><strong>privatus</strong></span> <span class='ocrx_word' id='word_1_113' title='bbox 709 3113 741 3160; x_wconf 90' lang='lat' dir='ltr'><strong>ut</strong></span> <span class='ocrx_word' id='word_1_114' title='bbox 754 3100 841 3158; x_wconf 82' lang='lat' dir='ltr'><strong>altum</strong></span> 
     </span>
     <span class='ocr_line' id='line_1_22' title="bbox 146 3178 943 3254; baseline 0.004 -20"><span class='ocrx_word' id='word_1_115' title='bbox 146 3178 297 3236; x_wconf 86' lang='lat' dir='ltr'><strong>Dormiret.</strong></span> <span class='ocrx_word' id='word_1_116' title='bbox 349 3178 441 3236; x_wconf 82' lang='lat' dir='ltr'><strong>Stulte</strong></span> <span class='ocrx_word' id='word_1_117' title='bbox 453 3189 496 3236; x_wconf 89' lang='lat' dir='ltr'><strong>est</strong></span> <span class='ocrx_word' id='word_1_118' title='bbox 509 3180 671 3250; x_wconf 81' lang='lat' dir='ltr'><strong>clementis,</strong></span> <span class='ocrx_word' id='word_1_119' title='bbox 685 3199 771 3254; x_wconf 86' lang='lat' dir='ltr'><strong>quum</strong></span> <span class='ocrx_word' id='word_1_120' title='bbox 786 3190 827 3238; x_wconf 84' lang='lat' dir='ltr'><strong>tot</strong></span> <span class='ocrx_word' id='word_1_121' title='bbox 840 3178 943 3254; x_wconf 86' lang='lat' dir='ltr'><strong>ubique</strong></span> 
     </span>
     <span class='ocr_line' id='line_1_23' title="bbox 146 3256 824 3334; baseline 0 -20"><span class='ocrx_word' id='word_1_122' title='bbox 146 3256 268 3314; x_wconf 80' lang='lat' dir='ltr'><strong>Vatibus</strong></span> <span class='ocrx_word' id='word_1_123' title='bbox 280 3275 422 3328; x_wconf 83' lang='lat' dir='ltr'><strong>occurras,</strong></span> <span class='ocrx_word' id='word_1_124' title='bbox 436 3258 566 3334; x_wconf 79' lang='lat' dir='ltr'><strong>periturae</strong></span> <span class='ocrx_word' id='word_1_125' title='bbox 581 3277 697 3334; x_wconf 83' lang='lat' dir='ltr'><strong>parcere</strong></span> <span class='ocrx_word' id='word_1_126' title='bbox 711 3259 824 3316; x_wconf 80' lang='lat' dir='ltr'><strong>chartse.</strong></span> 
     </span>
     <span class='ocr_line' id='line_1_24' title="bbox 185 3335 1098 3410; baseline 0.001 -19"><span class='ocrx_word' id='word_1_127' title='bbox 185 3335 245 3391; x_wconf 85' lang='lat' dir='ltr'><strong>Cur</strong></span> <span class='ocrx_word' id='word_1_128' title='bbox 258 3346 353 3392; x_wconf 81' lang='lat' dir='ltr'><strong>tamen</strong></span> <span class='ocrx_word' id='word_1_129' title='bbox 368 3336 422 3392; x_wconf 92' lang='lat' dir='ltr'><strong>hoc</strong></span> <span class='ocrx_word' id='word_1_130' title='bbox 435 3335 528 3410; x_wconf 79' lang='lat' dir='ltr'><strong>potids</strong></span> <span class='ocrx_word' id='word_1_131' title='bbox 542 3336 628 3393; x_wconf 85' lang='lat' dir='ltr'><strong>libeat</strong></span> <span class='ocrx_word' id='word_1_132' title='bbox 641 3337 792 3394; x_wconf 79' lang='lat' dir='ltr'><strong>decurrere</strong></span> <span class='ocrx_word' id='word_1_133' title='bbox 805 3354 916 3410; x_wconf 76' lang='lat' dir='ltr'><strong>cumpo,</strong></span> <span class='ocrx_word' id='word_1_134' title='bbox 1013 3367 1017 3382; x_wconf 69' lang='grc' dir='ltr'>ι</span> <span class='ocrx_word' id='word_1_135' title='bbox 1094 3367 1098 3380; x_wconf 84' lang='lat'>·</span> 
     </span>
     <span class='ocr_line' id='line_1_25' title="bbox 146 3411 941 3488; baseline -0.004 -18"><span class='ocrx_word' id='word_1_136' title='bbox 146 3411 201 3470; x_wconf 88' lang='lat' dir='ltr'><strong>Per</strong></span> <span class='ocrx_word' id='word_1_137' title='bbox 214 3432 297 3487; x_wconf 88' lang='lat' dir='ltr'><strong>quem</strong></span> <span class='ocrx_word' id='word_1_138' title='bbox 312 3432 432 3488; x_wconf 83' lang='lat' dir='ltr'><strong>magnus</strong></span> <span class='ocrx_word' id='word_1_139' title='bbox 446 3433 532 3488; x_wconf 93' lang='lat' dir='ltr'><strong>equos</strong></span> <span class='ocrx_word' id='word_1_140' title='bbox 547 3415 693 3471; x_wconf 84' lang='lat' dir='ltr'><strong>Auruncae</strong></span> <span class='ocrx_word' id='word_1_141' title='bbox 707 3413 785 3472; x_wconf 82' lang='lat' dir='ltr'><strong>flexit</strong></span> <span class='ocrx_word' id='word_1_142' title='bbox 799 3414 941 3481; x_wconf 76' lang='lat' dir='ltr'><strong>alumnus,</strong></span> 
     </span>
     <span class='ocr_line' id='line_1_26' title="bbox 147 3491 1014 3567; baseline -0.002 -19"><span class='ocrx_word' id='word_1_143' title='bbox 147 3491 179 3548; x_wconf 88' lang='lat' dir='ltr'><strong>Si</strong></span> <span class='ocrx_word' id='word_1_144' title='bbox 194 3503 283 3563; x_wconf 77' lang='lat' dir='ltr'><strong>vacet,</strong></span> <span class='ocrx_word' id='word_1_145' title='bbox 297 3505 326 3548; x_wconf 91' lang='lat' dir='ltr'><strong>et</strong></span> <span class='ocrx_word' id='word_1_146' title='bbox 338 3492 443 3567; x_wconf 81' lang='lat' dir='ltr'><strong>placidi</strong></span> <span class='ocrx_word' id='word_1_147' title='bbox 457 3495 593 3548; x_wconf 85' lang='lat' dir='ltr'><strong>rationem</strong></span> <span class='ocrx_word' id='word_1_148' title='bbox 606 3492 763 3562; x_wconf 80' lang='lat' dir='ltr'><strong>admittitis,</strong></span> <span class='ocrx_word' id='word_1_149' title='bbox 776 3493 869 3548; x_wconf 79' lang='lat' dir='ltr'><strong>edam.</strong></span> <span class='ocrx_word' id='word_1_150' title='bbox 1010 3554 1014 3564; x_wconf 35' lang='grc' dir='ltr'><strong><em>Ι</em></strong></span> 
     </span>
     <span class='ocr_line' id='line_1_27' title="bbox 145 3567 944 3644; baseline -0.013 -14"><span class='ocrx_word' id='word_1_151' title='bbox 145 3569 245 3630; x_wconf 83' lang='lat' dir='ltr'><strong>Quum</strong></span> <span class='ocrx_word' id='word_1_152' title='bbox 259 3581 339 3627; x_wconf 87' lang='lat' dir='ltr'><strong>tener</strong></span> <span class='ocrx_word' id='word_1_153' title='bbox 354 3588 468 3626; x_wconf 82' lang='lat' dir='ltr'><strong>uxorem</strong></span> <span class='ocrx_word' id='word_1_154' title='bbox 484 3569 569 3626; x_wconf 83' lang='lat' dir='ltr'><strong>ducat</strong></span> <span class='ocrx_word' id='word_1_155' title='bbox 583 3571 680 3644; x_wconf 84' lang='lat' dir='ltr'><strong>spado,</strong></span> <span class='ocrx_word' id='word_1_156' title='bbox 696 3569 800 3626; x_wconf 82' lang='lat' dir='ltr'><strong>Maevis</strong></span> <span class='ocrx_word' id='word_1_157' title='bbox 813 3567 944 3624; x_wconf 89' lang='lat' dir='ltr'><strong>Tuscum</strong></span> 
     </span>
     <span class='ocr_line' id='line_1_28' title="bbox 146 3645 904 3724; baseline -0.001 -20"><span class='ocrx_word' id='word_1_158' title='bbox 146 3646 230 3722; x_wconf 84' lang='lat' dir='ltr'><strong>Figat</strong></span> <span class='ocrx_word' id='word_1_159' title='bbox 244 3667 354 3724; x_wconf 77' lang='lat' dir='ltr'><strong>aprum,</strong></span> <span class='ocrx_word' id='word_1_160' title='bbox 367 3660 396 3705; x_wconf 87' lang='lat' dir='ltr'><strong>et</strong></span> <span class='ocrx_word' id='word_1_161' title='bbox 411 3647 488 3704; x_wconf 78' lang='lat' dir='ltr'><strong>nudd</strong></span> <span class='ocrx_word' id='word_1_162' title='bbox 501 3658 596 3704; x_wconf 85' lang='lat' dir='ltr'><strong>teneat</strong></span> <span class='ocrx_word' id='word_1_163' title='bbox 610 3648 749 3704; x_wconf 79' lang='lat' dir='ltr'><strong>venabula</strong></span> <span class='ocrx_word' id='word_1_164' title='bbox 762 3645 904 3713; x_wconf 66' lang='lat' dir='ltr'><strong>mamm13</strong></span> 
     </span>
     <span class='ocr_line' id='line_1_29' title="bbox 146 3725 856 3802; baseline -0.008 -18"><span class='ocrx_word' id='word_1_165' title='bbox 146 3725 283 3785; x_wconf 79' lang='lat' dir='ltr'><strong>Patricios</strong></span> <span class='ocrx_word' id='word_1_166' title='bbox 295 3745 396 3784; x_wconf 89' lang='lat' dir='ltr'><strong>omncs</strong></span> <span class='ocrx_word' id='word_1_167' title='bbox 409 3726 509 3802; x_wconf 89' lang='lat' dir='ltr'><strong>opibus</strong></span> <span class='ocrx_word' id='word_1_168' title='bbox 522 3744 608 3800; x_wconf 90' lang='lat' dir='ltr'><strong>quum</strong></span> <span class='ocrx_word' id='word_1_169' title='bbox 623 3735 756 3800; x_wconf 83' lang='lat' dir='ltr'><strong>provocet</strong></span> <span class='ocrx_word' id='word_1_170' title='bbox 770 3742 856 3796; x_wconf 87' lang='lat' dir='ltr'><strong>unus,</strong></span> 
     </span>
    </p>
   </div>
   <div class='ocr_carea' id='block_1_9' title="bbox 384 3805 399 3862">
    <p class='ocr_par' dir='ltr' id='par_1_9' title="bbox 384 3805 399 3862">
     <span class='ocr_line' id='line_1_30' title="bbox 384 3805 399 3862; baseline 0 0"><span class='ocrx_word' id='word_1_171' title='bbox 384 3805 399 3862; x_wconf 95' lang='lat' dir='ltr'>l</span> 
     </span>
    </p>
   </div>
   <div class='ocr_carea' id='block_1_10' title="bbox 0 0 1292 4200">
    <p class='ocr_par' dir='ltr' id='par_1_10' title="bbox 0 0 1292 4200">
     <span class='ocr_line' id='line_1_31' title="bbox 0 0 1292 4200; baseline 0 0"><span class='ocrx_word' id='word_1_172' title='bbox 0 0 1292 4200; x_wconf 95' lang='lat' dir='ltr'><strong> </strong></span> 
     </span>
    </p>
   </div>
  </div>
 </body>
</html>
