2572 4200
150 219 191 284 252
460 217 492 272 D.
508 217 605 272 surm
622 216 816 272 Juvsnttms
937 220 948 240 ⁹

150 357 205 422 Vel
219 357 322 440 potius,
336 361 473 438 quantitm
486 358 627 422 Gradivus
641 362 829 420 Homericus:
851 359 954 433 Audis,

150 440 271 516 Jupiter,
286 441 357 513 hcc,
372 461 426 498 uec
439 443 517 500 labra
530 460 634 512 moves,
647 457 734 516 quum
748 442 860 498 mittere
874 457 971 498 rocem

150 516 307 591 Debueras,
321 520 363 576 vel
377 531 562 590 marmoreus,
576 517 762 584 vel-aeneusl
784 525 894 575 auteur
1030 555 1034 564 .
1076 515 1132 574 115
1216 518 1220 532 ’

150 590 186 654 In
200 597 321 654 carbone·
334 607 383 654 tuo
397 598 494 654 charis
507 597 553 672 pia
566 598 648 672 thura
661 595 752 653 solutu

150 673 295 745 PonimuS,
309 685 338 732 et
350 683 459 731 sectum
473 675 552 732 vituli
561 675 652 750 jecur,
666 674 784 747 albaque
798 672 875 748 porci

149 751 294 810 Omcntal
314 751 353 809 Ut
365 752 455 824 video,
469 751 578 810 nullum
592 752 745 809 discrimen
759 751 922 808 habendum
936 760 981 812 est
1101 786 1106 792 -

150 826 267 906 Effigies
281 829 354 890 inter
367 838 481 902 vestras,
495 841 671 904 statuamque
685 828 806 904 Vagelli.

190 904 310 982 Accipe,
324 925 386 982 quae
400 907 499 966 conos
514 907 604 966 valcat
617 908 716 980 solatia
730 907 812 978 ferre,
1076 907 1133 964 lau

150 977 188 1044 Et
201 986 248 1059 qui
263 1005 317 1042 nec
331 986 455 1060 Cynicos
468 1005 523 1063 nec
538 988 636 1046 Stoice
649 987 787 1060 dogmate
795 983 865 1060 legit

151 1064 178 1119 A
194 1063 311 1137 Cynicis
323 1065 421 1126 tunicd
436 1064 578 1134 distantia,
592 1084 650 1120 non
661 1062 819 1138 Epicurum

150 1141 276 1216 Suspicit
288 1140 383 1216 exigui
397 1142 492 1198 letum
505 1142 678 1218 plantaribus
690 1142 772 1198 horti.

150 1218 292 1276 Curentur
306 1219 384 1277 dubii
398 1219 516 1276 medicis
526 1219 678 1294 majoribus
693 1219 779 1294 tegri;
1111 1261 1113 1266 -

149 1293 199 1354 Tu
212 1314 315 1354 venam
330 1297 372 1353 vel
385 1297 525 1372 discipulo
538 1299 683 1354 committe
697 1296 830 1372 Philippi.
1075 1296 1134 1354 ms

150 1373 183 1431 Si
197 1374 305 1431 nullum
319 1375 348 1432 in
362 1376 443 1432 terris
457 1386 514 1431 tam
529 1375 694 1432 detestabile
709 1375 817 1432 factum

148 1449 296 1524 Ostendis,
310 1463 406 1520 taceo;
417 1471 483 1522 ,nec
496 1453 598 1526 pugnis
612 1453 722 1526 caedere
737 1463 839 1527 pectus

148 1527 196 1586 Te
210 1540 282 1601 veto,
297 1549 352 1588 nec
363 1529 448 1604 pleuti
462 1531 564 1586 faciem
578 1531 751 1588 contundere
765 1529 868 1604 palmi,

147 1606 390 1682 Quandoquidem
404 1619 523 1683 accepto
534 1607 692 1665 claudenda
706 1621 749 1665 est
760 1609 846 1682 janua
858 1609 976 1680 dernrru,

148 1681 189 1741 Et
202 1685 305 1760 majore
319 1685 419 1745 domus
432 1697 550 1761 geruntur„
559 1687 662 1762 majore
677 1686 799 1743 tumultu
1074 1685 1135 1744 130-
1226 1735 1230 1742 .

149 1761 327 1838 Planguntur
340 1765 461 1835 nummi,
473 1763 559 1839 quim
573 1765 681 1822 lunera.
721 1765 816 1822 Nemo
828 1763 955 1822 dolorem
1022 1823 1032 1836 ,

150 1840 249 1916 Fingit
261 1842 291 1899 in
305 1843 359 1899 hoc
373 1861 452 1913 caso,
466 1854 573 1900 vestem
586 1843 727 1900 deducere
741 1859 880 1900 summam

149 1920 319 1991 Contentus,
332 1939 435 1978 vexare
446 1921 543 1978 oculos
557 1923 673 1978 humore
687 1933 794 1978 coacto.

150 1996 278 2056 Ploratur
292 1999 423 2074 lacrymis
437 2000 540 2066 amissa
553 1999 675 2075 pecunie
688 1999 768 2057 veris

150 2077 208 2133 Sed
223 2077 247 2134 si
261 2089 366 2133 cuncta
378 2078 456 2134 vides
469 2078 552 2134 simili
568 2079 627 2135 lora
638 2078 723 2152 plena
735 2076 866 2152 quercu,
1074 2075 1134 2134 135
1189 2115 1193 2122 ·

151 2154 193 2225 Si,
207 2155 302 2211 decies
315 2154 395 2212 lectis
406 2156 515 2212 diversi
528 2167 606 2230 parte
617 2156 738 2226 tabellis,

149 2233 234 2290 Vane
247 2234 413 2308 supervacui
425 2234 524 2289 dicunt
538 2233 723 2308 chirographa
737 2231 816 2308 ligni,

40 2374 47 2384 Ι
150 2310 254 2386 Arguit
268 2310 391 2384 ipsorum
405 2329 474 2385 qrsos
487 2311 589 2381 littera,
603 2330 770 2388 gemmaque
784 2311 915 2386 princeps

151 2387 361 2461 sardonychus,
375 2389 475 2446 loculis
488 2407 550 2463 que
563 2390 719 2446 custoditur
732 2383 871 2446 eburnis:

150 2465 236 2536 Ten',
250 2465 278 2522 0
292 2466 424 2524 delicias!
446 2479 524 2524 extra
536 2468 697 2524 communia
712 2485 813 2524 censes
1074 2466 1135 2524 tto
1205 2479 1208 2485 '

151 2542 339 2600 Ponenduml
360 2543 423 2604 Qui·
436 2555 467 2601 tu
481 2545 592 2620 gsllinae
606 2547 680 2606 lilius
694 2545 774 2616 albae,

149 2621 211 2678 Nos
222 2622 289 2679 viles
302 2622 371 2698 pulli
385 2624 443 2680 nati
457 2623 617 2680 infelicibus
631 2625 711 2682 ovisl

149 2699 226 2756 Rem
238 2701 342 2775 pateris
356 2702 506 2774 modicam,
517 2719 545 2759 et
559 2703 697 2760 mediocri
710 2703 764 2760 bile
779 2701 937 2774 serendam,

150 2778 181 2836 ui
196 2777 292 2836 flectas
305 2779 402 2838 oculos
415 2781 521 2857 majora
532 2782 567 2838 ad
581 2782 708 2838 crimina.
750 2779 856 2838 Confer

149 2856 332 2913 Conductum
344 2857 492 2929 latronem,
507 2859 639 2916 incendia
650 2860 783 2933 sulphure
797 2869 891 2934 coepta
1070 2857 1131 2914 145

149 2935 244 3008 Atque
258 2934 335 3005 dolo,
347 2935 451 3009 primos
465 2955 551 3009 quum
563 2938 651 3011 janua
664 2937 773 3010 colligit
786 2937 867 3010 ignes
878 2954 885 3004 ;

149 3011 255 3069 Confer
268 3023 297 3070 et
310 3013 371 3084 hos,
386 3013 486 3070 veteris
499 3015 549 3088 qui
560 3015 661 3072 tollunt
674 3013 793 3089 grandia
807 3012 906 3089 templi

149 3089 257 3148 Pocula
270 3091 420 3148 adorande
434 3091 582 3167 rubiginis,
596 3103 626 3148 et
638 3091 807 3167 popinonum

149 3168 244 3241 Deua,
257 3169 301 3225 vel
315 3170 433 3244 antiquo>
442 3170 546 3244 positas
560 3189 577 3226 a
590 3189 656 3246 rege
670 3165 796 3226 corodss.
843 3201 852 3208 ·
1000 3237 1002 3241 Ι

121 3286 127 3297 .
146 3247 225 3304 Haeo
237 3247 275 3305 ibi
290 3247 314 3304 si
328 3267 384 3320 non
398 3259 475 3319 sunt,
485 3249 581 3315 minor
593 3260 683 3305 exstat
697 3247 863 3324 sacrilegus,
874 3247 926 3323 qui
1073 3247 1134 3306 mu

148 3327 245 3384 Radat
259 3323 381 3386 irraurati
394 3327 484 3392 lemur
498 3327 643 3398 Herculis,
655 3337 684 3384 et
697 3320 798 3384 iaciem
813 3327 906 3402 ipsam
1008 3361 1012 3368 κ

148 3403 291 3479 Neptuni;
312 3405 361 3479 qui
375 3405 544 3462 bracteolam
560 3405 595 3462 de
610 3406 726 3462 Castore
736 3406 834 3474 'ducet

149 3482 198 3539 An
212 3483 332 3554 dubitet,
344 3484 441 3542 solitus
454 3495 546 3542 totum
560 3483 683 3541 conflare
697 3483 883 3540 Tonantemt

149 3559 296 3618 Conferet
310 3563 443 3634 artifices,
451 3575 690 3636 rasicatmemque
705 3562 816 3632 veneni,

80 3695 83 3700 ,
148 3635 187 3693 Et
200 3637 399 3694 deducendum
413 3643 493 3698 corio.
504 3641 582 3699 bovis
596 3641 626 3698 in
641 3659 727 3710 mare,
741 3659 807 3697 cum
821 3657 879 3714 quo
1075 3637 1134 3696 155

149 3714 296 3771 Clauditur
310 3715 434 3772 adversis
448 3717 564 3777 innoxia
577 3719 660 3776 simia
673 3718 747 3775 sutis.
