2572 4200
542 317 544 321 Ι
564 245 690 308 samm
707 245 739 296 v.

155 389 296 466 conjuge,
311 410 360 466 per
374 401 499 448 montem
514 391 673 461 adversum,
687 390 852 465 gelidasque
867 389 981 448 cucurri

156 469 310 545 Esquilias,
325 470 456 526 demeret
470 470 545 525 seva
559 486 645 543 quum
660 468 800 544 grandine
814 485 919 526 vernus

154 542 277 624 Jupiter,
290 559 321 605 et
334 546 423 604 multo
435 547 555 604 stillaret
568 547 682 621 paenula
695 547 811 605 nimbo!

156 625 294 701 Adspice,
308 624 394 700 quam
408 625 492 700 longo
506 625 651 682 distendat
664 638 778 700 pectore
792 625 916 698 lancem,

155 704 233 765 Quas
247 704 335 762 fertur
348 705 473 776 domino,
488 703 597 778 squilla,
612 704 758 778 atquibus
771 704 898 778 undique
911 713 990 780 septa

157 783 322 858 Asparagis,
336 783 392 856 qua
405 783 544 858 despiciat
557 783 686 839 convivia
699 781 804 854 cauda,

154 860 257 922 Quum
271 861 348 918 veuit
361 859 466 918 excelsi
477 861 611 917 manibus
625 861 735 931 sublata
748 861 877 936 ministri.

156 939 215 996 Sed
229 939 280 1010 tibi
293 939 412 998 dimidio
425 940 594 997 constrictus
608 957 769 996 cammarus
782 957 837 997 ovo

154 1017 284 1090 Ponitur,
299 1018 402 1092 exigui
417 1018 510 1075 feralis
525 1036 608 1074 coena
620 1017 734 1092 patella.
771 1069 774 1074 ,

156 1093 227 1172 Ipse
237 1095 402 1154 Venafrano
413 1097 520 1172 piscem
535 1095 696 1171 perfimdit:
719 1107 747 1152 at
760 1096 808 1153 hio
811 1095 881 1170 ,qui

156 1173 284 1232 Pallidus
297 1174 410 1231 affertur
425 1175 531 1232 misero
540 1175 592 1231 tibi
606 1174 705 1245 caulis,
719 1174 806 1232 olebit

157 1251 319 1310 Laternam.
359 1251 435 1310 Illud
449 1253 526 1309 enim
540 1247 639 1310 vestris
653 1220 735 1309 datbr
749 1251 874 1325 alveolis,
887 1251 963 1328 quod
1049 1249 1052 1255 ’

157 1327 260 1388 Canna
274 1330 460 1406 Micipsarum
474 1331 557 1407 prora
571 1331 700 1388 subvexit
715 1331 815 1400 acuta3

156 1409 273 1484 Propter
286 1410 361 1484 quod
375 1409 477 1466 Romae
491 1428 557 1466 cum
572 1409 718 1467 Bocchare
732 1429 817 1466 nemo
830 1407 948 1484 lavatur,
1098 1412 1141 1470 90

155 1487 245 1548 Quod
260 1499 335 1545 tutos
347 1489 434 1544 etiam
449 1488 517 1544 lacit
530 1508 547 1545 a
561 1488 740 1564 serpentibus
754 1488 847 1544 Afros.
934 1492 937 1498 '

156 1565 264 1623 Mullus
278 1567 331 1624 erit
344 1567 469 1638 domino,
483 1585 567 1641 quem
582 1566 658 1623 misit
672 1567 800 1637 Corsica,
814 1568 857 1623 vel
871 1584 956 1642 quem

156 1645 515 1720 Tauromenitanae-rupes,
530 1647 643 1720 quando
655 1664 741 1702 omne
754 1657 900 1721 peractum
914 1656 958 1702 est

155 1722 195 1780 Et
202 1724 262 1798 jam
275 1723 380 1780 defecit
393 1735 520 1781 nostrum
534 1743 622 1795 mare,
637 1724 705 1779 dum
719 1725 788 1800 gula
801 1725 889 1796 saevit,

156 1801 282 1858 Ratibus
295 1802 416 1860 assiduis
429 1803 542 1877 penitus
556 1813 698 1859 scrutante
713 1801 832 1859 macello
1093 1803 1140 1860 ,aa

156 1879 297 1952 Proxima,
312 1899 366 1938 nec
381 1882 503 1957 patimur
517 1881 701 1956 Tyrrhenum
715 1899 843 1936 crescere
863 1880 980 1954 piscem.

156 1957 275 2016 Instruit
288 1957 357 2034 ergo
372 1960 466 2017 focum
480 1960 641 2034 provincia:
662 1958 781 2015 sumitur
796 1957 873 2014 illinc

155 2036 245 2097 Quod
259 2048 385 2113 captator
399 2050 475 2095 emat
489 2038 593 2109 Lenes,
609 2037 727 2094 Aurelia
741 2035 852 2092 vendat

156 2115 271 2172 Virroni
285 2134 412 2177 muraena
426 2117 519 2188 datur,
533 2135 602 2191 quaev
611 2116 735 2172 maxima
748 2115 826 2172 venit

155 2194 276 2269 Gurgite
290 2193 326 2250 de
341 2195 438 2252 Siculo
450 2214 459 2251 :·
477 2213 554 2267 nam,
569 2195 638 2251 dum
651 2213 682 2251 se
696 2194 823 2251 continet
837 2193 953 2266 Auster,
1084 2191 1141 2251 1⁰⁰

156 2271 233 2329 Dum
248 2272 329 2329 sedet
341 2284 370 2330 et
383 2274 472 2331 siccat
485 2273 614 2330 madidas
628 2274 658 2330 in
673 2291 788 2329 carcere
799 2289 920 2346 penum,
989 2295 994 2303 ·

156 2350 353 2409 Contemnunt
366 2353 490 2408 mediam
503 2353 653 2409 temeraria
672 2352 731 2408 lina
745 2350 927 2424 Charybdim.

156 2430 220 2490 Vos
231 2429 358 2505 anguilla
371 2441 466 2487 manet
478 2431 571 2506 longae
586 2441 709 2506 cognata
722 2428 855 2499 colubrae,
903 2479 909 2487 ,

156 2509 218 2566 Aut
231 2508 324 2584 glacie
338 2508 487 2584 adspersus
500 2509 621 2567 maculis
636 2507 803 2579 Tiberinus,
818 2506 920 2582 etipse

155 2586 285 2644 V-ernula
297 2586 420 2662 riparum
433 2587 546 2662 pinguis
559 2597 682 2645 torrente
696 2587 804 2658 cloaca,
827 2638 831 2646 f

156 2665 195 2723 Et
209 2665 306 2724 solitus
319 2665 420 2723 mediae
435 2678 561 2740 cryptam
575 2677 724 2742 penetrare
739 2664 869 2720 Suburae.

196 2743 255 2820 Ipsi
268 2762 361 2818 pauca
374 2743 467 2815 velim,
482 2745 595 2801 facilem
610 2743 633 2799 si
646 2743 771 2819 prebeat
785 2759 890 2798 aurem.

156 2821 252 2880 Nemo
265 2824 344 2898 petit,
359 2824 553 2898 modicisque
568 2821 750 2879 mittebantur
765 2820 864 2877 amicis

86 2901 89 2907 ’
157 2901 185 2958 Α
201 2901 326 2972 Seneca,
339 2919 401 2976 quae
416 2901 481 2978 Piso
495 2902 672 2975 bonusque
687 2900 770 2958 Cotta
783 2899 890 2958 solebat

157 2979 285 3056 Largiri3
306 2999 428 3054 namque
442 2992 471 3038 et
484 2981 572 3038 titulis
585 2991 614 3038 et
628 2980 752 3036 fascibus
765 2979 832 3036 olim

157 3059 250 3135 Major
264 3057 420 3116 habebatur
434 3059 559 3116 donandi
573 3059 679 3134 gloria:
701 3059 791 3115 solum

156 3138 314 3206 Poscimus,
329 3147 360 3194 ut
373 3157 470 3194 coenes
483 3137 609 3194 civiliter
652 3135 718 3194 Hoc
732 3137 803 3208 face,
818 3147 846 3194 et
859 3147 929 3210 esto,

156 3217 237 3287 Esto,
251 3223 283 3269 ut
296 3233 375 3272 nunc
389 3217 480 3287 multi,
495 3216 573 3294 dives
586 3215 637 3272 tibi
641 3219 768 3292 ,pauper
782 3217 889 3274 amicis.
1046 3287 1051 3292 θ

197 3262 318 3352 Abseris
332 3305 397 3352 ante
411 3295 503 3370 ipsum
517 3294 614 3369 magni
625 3295 716 3370 jecur,
732 3294 880 3352 anseribus
892 3313 943 3370 par

157 3367 263 3444 Altilis,
278 3381 307 3428 et
318 3370 382 3430 flavi
396 3373 501 3448 dignus
515 3374 587 3438 ferro
602 3371 741 3448 Meleagri

157 3419 263 3510 Fumal
276 3467 361 3538 aper:
381 3462 445 3527 post
458 3453 536 3507 hunc
549 3450 695 3508 tradentur
709 3450 818 3519 tubera,
833 3450 856 3528 ιι
870 3467 918 3505 ver

156 3530 245 3588 Tunc
258 3527 322 3600 erit,
336 3540 365 3587 et
379 3530 484 3587 facient
498 3537 594 3602 optata
607 3529 733 3585 tonitrua
746 3543 843 3582 coenas

157 3609 290 3686 Majores
332 3607 403 3666 Tibi
417 3607 491 3664 habu
483 3606 688 3676 ¹,frumentum
704 3602 856 3661 Alledius
849 3587 949 3676 lnquit,
980 3647 1000 3684 ἠ

156 3687 185 3746 0
199 3687 309 3762 Libye3
330 3687 461 3776 disjunge
475 3651 890 3755 boves,dumti1beramittasl

197 3764 393 3826 souverain
386 3775 504 3837 interea,
519 3781 555 3820 ne
569 3779 625 3838 qua
638 3758 797 3836 indignatio
810 3761 892 3832 desit,

1038 1549 1050 1579 Ι
1101 1529 1108 1546 ἡ
