2572 4200
519 217 643 266 SATlRA
660 217 709 266 111.

116 357 248 416 Perdidit
262 357 361 414 infelix
375 367 466 416 totum
479 359 568 416 nibil:
590 359 708 417 ultimus
721 371 815 418 autern

119 436 271 494 AErumnae
287 436 428 507 cumulus,
442 434 519 510 qudd
533 439 653 507 nudum,
667 450 696 495 et
710 438 798 495 frusta
812 449 961 513 rogantem

117 514 217 572 Nemo
231 514 306 584 cibo,
321 533 406 571 nemo
419 515 548 590 hospitio,
562 527 693 590 tectoque
711 516 827 592 juvabit.

119 593 154 650 Si
169 611 274 667 magna
296 593 407 651 Asturii
430 594 534 650 cecidit
548 595 665 650 domus:
687 595 801 652 horrida
814 605 913 667 mater,
1012 617 1017 624 ’

118 670 226 727 Pullati
240 684 382 744 proceres,
397 671 490 728 differt
504 671 663 728 vadimonia
677 684 786 747 praetor.
1052 677 1108 736 195

118 747 209 805 Tune
223 747 365 822 gemimus
378 767 461 804 casus
475 747 569 820 Urbis,
583 761 652 807 tunc
665 751 777 807 odimus
791 751 896 825 ignem.

119 827 214 883 Ardet
229 827 333 896 adhuc,
346 827 441 902 etjam
456 829 588 897 accurrit,
602 827 650 900 qui
664 847 803 886 marmora
817 830 913 902 donet,

119 903 259 961 Conferat
274 902 424 978 impensas.
466 905 525 962 Hie
539 906 616 962 nuda
626 917 655 962 et
668 907 793 964 candida
807 907 899 982 signa,

120 982 181 1040 Hic
196 981 302 1056 aliquid
317 984 484 1058 preclarum
498 981 692 1057 Euphranoris
706 995 735 1042 et
748 984 894 1060 Polycleti,

120 1060 195 1120 Haec
211 1061 383 1118 Asianorum
399 1071 494 1117 vetera
506 1073 676 1118 ornamenta
689 1063 816 1133 deorum,

119 1135 181 1196 Hic
194 1138 279 1195 libros
293 1138 382 1210 dabit,
396 1148 425 1194 st
439 1138 552 1209 sorulos,
567 1139 744 1213 mediamque
759 1139 929 1215 Minervam,

120 1216 182 1276 Hic
196 1217 321 1274 modium
337 1217 454 1290 argenti.
496 1215 618 1274 Meliora
630 1237 664 1273 ac
678 1217 759 1292 plura
772 1219 882 1294 reponit

120 1289 255 1352 Persicus
268 1295 399 1354 orborum
413 1295 584 1352 lautissimus
597 1293 740 1370 etmeritb
751 1295 810 1371 jam

121 1374 292 1448 Suspectus,
307 1383 440 1447 tanquam
457 1373 516 1447 ipse
530 1391 596 1430 suas
609 1373 770 1431 incenderit
785 1377 868 1432 aedes.

120 1452 153 1508 Si
168 1463 249 1527 potes
263 1450 344 1508 avelli
358 1451 553 1522 Circensibus,
567 1470 584 1507 o
604 1451 674 1508 tima
689 1453 778 1523 Sorae,

120 1531 183 1588 Aut
198 1529 369 1587 Fabrateriae
382 1529 493 1600 domus,
508 1540 556 1586 aut
596 1530 731 1586 rusinone
744 1539 869 1606 paratur,

119 1607 234 1670 Quanti
249 1627 328 1666 nunc
341 1608 473 1666 tenebras
488 1625 577 1663 unum
592 1608 732 1666 conducis
745 1607 775 1665 in
791 1627 908 1666 annum.

120 1685 261 1744 Hortulus
275 1685 333 1756 hic,
347 1696 502 1762 puteusque
517 1686 618 1756 brevic,
633 1706 688 1742 noo
701 1698 776 1752 reste
790 1687 958 1758 movendus,

120 1763 156 1820 In
172 1775 274 1822 tenues
287 1764 396 1840 pluutss
410 1764 485 1821 facili
499 1764 665 1820 diffunditur
679 1766 790 1822 haustu.

120 1842 196 1899 Vive
209 1843 331 1900 bidentis
346 1861 454 1913 emaus,
467 1853 496 1900 et
509 1843 578 1898 culti
593 1843 704 1898 villicus
718 1844 809 1910 horti;

121 1919 206 1978 Unde
220 1920 335 1994 epulum
349 1920 439 1996 possis
453 1931 568 1986 centurn
583 1921 650 1976 dare
665 1919 861 1994 Pythagoreis.

121 1997 173 2056 Est
187 1999 304 2074 aliquid,
319 2017 488 2072 quocunque
502 1999 575 2068 loco,
589 2015 758 2071 quocunque
772 2015 899 2068 recessu,

120 2077 214 2135 Unius
228 2096 292 2134 sese
305 2077 450 2136 dominum
466 2077 568 2133 fecisse
581 2077 706 2133 lacertae.

161 2156 306 2212 Plurimus
320 2155 368 2212 hic
382 2175 456 2229 aeger
470 2157 588 2219 moritur
601 2155 763 2230 vigilando:
785 2154 836 2210 sed
851 2152 931 2209 illum

30 2286 32 2292 .
120 2233 302 2309 Languorem
317 2233 425 2309 peperit
438 2233 724 2307 eibusimpersectus,
738 2243 767 2289 et
781 2233 893 2288 haerens

120 2313 244 2372 Ardenti
258 2314 411 2370 stomacho.
454 2311 483 2368 N
487 2331 532 2368 am
546 2330 608 2384 quae
623 2311 765 2368 meritoria
778 2303 911 2366 somnum

121 2391 309 2450 Admittunt!
331 2389 446 2464 Magnis
459 2391 560 2464 opibus
574 2389 711 2446 dormitur
726 2389 756 2444 in
770 2387 866 2444 Urbe:
964 2427 970 2448 .

121 2469 194 2529 Inde
207 2480 294 2546 caput
306 2469 406 2526 morbi.
448 2469 616 2544 Rhedarum
631 2467 767 2524 transitus
781 2475 861 2521 arcto

122 2548 259 2607 Vicorum
271 2550 301 2606 in
313 2546 436 2620 flexu,et
446 2548 546 2604 stantis
560 2546 690 2602 convicia
704 2544 833 2600 mandre

121 2627 250 2703 Eripieut
264 2644 395 2684 somnum
409 2623 513 2695 Druso,
528 2624 676 2696 vitulisque
691 2621 818 2678 marinis.
1054 2613 1117 2670 220

122 2707 153 2764 Si
163 2717 250 2776 ,vocat
263 2705 398 2774 officium,
412 2704 495 2760 turbat
509 2703 630 2758 cedente
644 2701 764 2756 vehetur

122 2783 217 2856 Dives,
231 2795 261 2841 et
276 2783 384 2858 ingenti
399 2791 493 2838 curret
506 2799 590 2853 super
604 2797 653 2838 ora
667 2777 808 2861 Liburno,
822 2849 828 2860 ι

123 2865 216 2938 Atque
229 2862 320 2919 obiter
335 2861 420 2936 leget,
436 2871 485 2916 aut
495 2858 609 2926 scribet,
622 2855 664 2912 vel
680 2857 806 2911 dormiet
821 2859 921 2942 rqtns3

123 2941 253 3015 Namque
268 2940 336 2997 lacit
349 2955 482 2996 somnum
496 2935 594 2992 elausit
607 2935 712 2991 lectica
726 2931 859 2986 fenestra

36 3033 42 3042 '
123 3018 198 3078 Ante
213 3030 310 3076 tamen
325 3016 438 3073 veniet:
461 3015 542 3072 nobis
556 3009 778 3086 properantibus
793 3004 894 3060 obstat

123 3099 205 3156 Unda
216 3098 293 3174 prior
306 3115 312 3151 :
335 3113 439 3168 magno
452 3091 572 3167 populus
585 3090 687 3164 premit
702 3082 828 3158 agmine
842 3076 968 3142 lumbos,

122 3177 181 3239 Qui
195 3176 329 3250 sequitur.
371 3171 451 3228 Ferit
469 3171 515 3226 hic
529 3168 634 3237 cubito,
650 3165 716 3222 serit
733 3175 839 3215 assere
855 3155 930 3209 duro

124 3255 221 3323 Alter;
243 3265 272 3310 at
283 3254 331 3311 hic
344 3252 456 3326 tignum
470 3246 557 3321 capiti
572 3245 684 3311 incutit,
701 3239 754 3296 ille
771 3241 944 3324 metretqm.

124 3333 246 3409 Pinguia
259 3325 345 3389 crura'
356 3330 426 3398 luto,
440 3326 539 3400 planti
553 3341 619 3378 mox
634 3319 772 3406 undique
788 3323 911 3380 magns

125 3411 233 3482 Calcor,
248 3421 278 3468 et
292 3410 321 3466 in
336 3408 426 3482 digito
440 3405 539 3462 clavus
553 3400 622 3455 mihi
645 3397 752 3453 militis
771 3389 887 3442 haeret.

162 3489 267 3548 Nonne
281 3487 371 3556 vides,
385 3492 492 3558 quanto
507 3477 668 3534 celebretur
683 3462 836 3544 sportula
852 3453 959 3544 fumo'l

126 3569 246 3626 Centum
262 3565 405 3624 convivae:
427 3555 555 3630 sequitur
569 3571 621 3608 sua
632 3556 794 3622 quemque
815 3535 943 3589 culino.

127 3647 246 3706 Corbulo
259 3646 306 3700 vix
320 3643 405 3698 ferret
418 3647 459 3693 tot
473 3649 542 3688 vasa
554 3628 694 3701 ingentia,
711 3628 762 3675 tot
780 3629 842 3697 res

128 3724 273 3802 Impositos
287 3718 383 3796 capiti,
398 3732 469 3789 quas
485 3718 564 3767 recto
578 3704 684 3760 vertice
702 3698 822 3771 portat

357 3797 378 3853 2
