2572 4200
161 222 202 282 64
463 221 494 271 D.
511 221 608 272 tutan
623 219 818 270 IUVENALIS

164 362 307 438 Tempora
321 361 450 424 viderunt
458 382 465 432 ;
491 364 542 420 hoa
556 365 665 438 iignum
680 364 771 420 stabat
785 361 814 422 in
829 377 904 433 usus,

164 441 312 497 Annorum
326 439 349 497 si
364 441 434 498 forte
449 459 551 498 nucem
564 441 704 516 dejecerat
718 440 819 497 Eurus.

164 520 205 574 At
218 536 295 574 nunc
309 518 441 575 divitibus
454 519 586 576 conandi
600 518 677 574 nulla
690 519 825 594 voluptas,

164 593 193 650 N
196 595 213 652 il
228 595 371 666 rhombus,
386 595 425 654 nil
441 598 524 653 dama
538 597 627 672 sapit:
647 606 746 671 putere
757 595 887 652 videntur

164 672 317 748 Unguenta
330 684 412 747 atque
426 691 506 745 rose,
519 672 590 730 latos
604 674 659 730 nisi
673 671 792 738 sustinet
805 673 888 730 orbes
971 699 974 704 ·

164 750 279 808 Grande
293 750 372 821 ebur,
383 763 413 808 et
427 770 531 826 magno
543 751 672 808 sublimis
684 751 788 826 pardus
802 750 891 822 hiatu,

164 826 305 884 Dentibus
319 847 354 884 er
368 828 431 900 illis,
444 822 514 904 quos
527 829 612 885 mittit
624 843 703 904 porta
717 829 836 904 Syenes,

165 903 203 961 Et
216 904 309 962 Mauri
323 904 439 978 celeres,
453 918 484 966 et
496 905 598 964 Mauro
610 907 755 964 obscurior
768 906 868 976 Indus,

69 1013 71 1018 ,
165 979 202 1038 Et
216 1001 286 1056 quos
300 983 428 1057 deposuit
441 984 579 1058 Nabsoeo
591 985 686 1042 bellua
699 984 782 1055 snitu,

165 1059 230 1116 Jam
247 1061 358 1132 nimios,
373 1062 513 1137 capitique
523 1081 648 1137 graves·v
672 1063 750 1119 Hinc
765 1059 976 1137 surgitorexis,
1077 1127 1082 1136 ,

166 1137 245 1194 Hinc
258 1140 403 1196 stomacho
416 1139 497 1198 bilis:
519 1159 584 1196 nam
597 1159 647 1214 pes
662 1159 692 1197 ar
710 1149 812 1198 enteus
826 1139 891 1208 illis,

165 1215 299 1272 Annulus
314 1217 343 1272 in
357 1217 445 1291 digito
455 1219 529 1292 quod
545 1219 659 1275 ferreus.
741 1215 779 1292 gd
793 1215 946 1291 superbum

166 1293 321 1349 Convivam
336 1313 431 1366 caveo,
445 1295 493 1369 qui
508 1315 553 1352 me
568 1296 621 1352 sibi
635 1307 789 1370 comparat,
805 1306 834 1352 et
847 1312 893 1350 res

166 1368 298 1444 Despicit
309 1371 434 1445 exiguas.
475 1370 559 1428 Adeo
574 1373 652 1429 nulla
665 1373 751 1428 uncia
764 1372 846 1429 nobis

166 1443 217 1501 Est
227 1447 329 1517 eboris,
340 1466 394 1504 nec
408 1448 537 1519 tessella,
551 1467 606 1505 nec
619 1449 747 1505 calculus
759 1467 796 1506 ex
809 1450 864 1506 hta

166 1521 304 1580 Materia:
324 1525 392 1597 quin
407 1525 467 1600 ipsa
478 1526 625 1582 manubria
638 1526 814 1584 cultellorum

164 1601 264 1658 Ossea.
305 1599 373 1658 Non
387 1614 482 1660 tamen
497 1603 541 1676 his
555 1603 611 1660 ulla
624 1623 748 1677 unquam
761 1603 879 1677 opsonia
891 1601 972 1672 fluat·

165 1677 338 1750 Rancidula,
353 1691 401 1737 aut
415 1681 479 1738 ideo
491 1677 569 1756 pejor
583 1681 687 1756 gallina
701 1693 821 1737 secatur.
918 1719 950 1746 ..

165 1755 223 1812 Sed
234 1775 289 1812 nec
302 1769 422 1815 structor
435 1759 498 1829 erit,
510 1759 556 1816 cui
571 1759 673 1815 cedere
686 1759 788 1816 debeat
801 1757 895 1815 omnis

166 1833 466 1910 Pergnia,'discipulus
478 1835 620 1912 Trypheri
633 1837 765 1906 doctoris,
780 1836 855 1911 apud
868 1851 952 1910 quern

165 1911 284 1971 Surnine
298 1931 363 1968 curn
379 1932 481 1988 magno
496 1914 585 1988 lepus,
596 1925 679 1988 atque
693 1933 769 1989 aper,
783 1924 812 1970 et
824 1930 975 1989 pygargus,

165 1989 202 2047 Et
216 1990 357 2064 Scythicae
372 1991 507 2061 volucres,
521 2003 550 2048 et
563 1991 791 2067 phoenicopterus
804 1991 915 2065 ingens,

164 2066 202 2124 Et
214 2067 341 2124 Gaetulus
354 2087 431 2142 oryx,
447 2068 540 2126 hebeti
554 2068 710 2125 lautissima
721 2069 793 2138 ferro

99 2152 104 2161 '
164 2145 300 2216 Caeditur,
314 2155 343 2202 et
356 2145 414 2202 toti
429 2157 509 2203 sonat
523 2145 617 2202 ulmea
630 2165 713 2203 ooena
726 2146 847 2203 Subura

164 2221 229 2280 Neu
242 2223 360 2279 frustum
375 2241 483 2297 capreae
496 2223 665 2294 subducere,
681 2243 735 2280 neo
748 2224 822 2280 latus
836 2223 914 2280 Afras

163 2297 251 2357 Novit
264 2301 323 2357 avia
336 2311 430 2358 noster
444 2299 612 2372 tirunculus,
623 2320 658 2357 ac
672 2301 749 2358 rudia
762 2300 839 2358 omni

163 2375 316 2453 Tempore,
331 2389 360 2440 et
373 2377 483 2453 exigue
497 2379 578 2435 surtis
588 2379 713 2436 imbutus
725 2379 827 2436 ofellae.

163 2454 292 2513 Plebeios
306 2455 419 2526 calices,
433 2467 462 2512 et
474 2457 572 2530 paucis
586 2456 694 2513 assibus
707 2466 817 2531 emptos
1083 2453 1140 2513 115

163 2532 291 2608 Porriget
305 2533 429 2591 incultus
442 2552 521 2609 puer,
535 2545 618 2608 atque
633 2553 650 2590 a
663 2535 765 2609 frigore
779 2544 872 2592 tutus:

162 2609 230 2668 Non
245 2609 348 2685 Phryx,
363 2624 411 2669 aut
425 2610 540 2686 Lycius,
554 2631 611 2670 non
626 2631 643 2668 a
656 2630 796 2687 mangone
809 2611 914 2687 petitus

161 2686 322 2762 Quisquam
335 2687 399 2760 erit,
412 2699 441 2746 et
454 2708 565 2765 magno.
606 2690 706 2751 Quum
719 2708 828 2765 posces,
842 2707 927 2766 posce
940 2685 1054 2746 Latiari.

163 2765 245 2823 Idem
259 2767 371 2823 habitus
389 2767 511 2838 cunctis,
524 2767 608 2838 tonsi,
623 2767 747 2842 rectique
761 2767 864 2842 capilii,

160 2843 258 2916 Atque
272 2844 355 2900 hodie
369 2842 479 2901 tantirm
493 2855 605 2919 propter
618 2845 747 2902 convivia
759 2844 832 2932 pexi.
1084 2843 1141 2902 160

162 2921 286 2977 Pastoris
299 2921 362 2976 duri
377 2922 424 2976 hic
437 2931 480 2977 est
493 2921 576 2991 filius,
591 2920 638 2979 itte
653 2922 777 2978 bubulci.

162 2997 293 3071 Suspirat
305 2997 390 3072 longo
403 3015 460 3054 non
474 2996 561 3053 visam
576 3003 700 3072 tempore
714 3008 843 3068 matrem,

162 3073 200 3130 Et
212 3073 337 3130 casulam
352 3084 381 3130 et
394 3085 475 3131 notos
487 3073 574 3132 tristis
587 3075 730 3132 desiderat
742 3074 849 3148 hedos,

162 3151 285 3228 Ingenui
298 3152 391 3209 vultirr
404 3171 483 3228 puer,
498 3152 669 3228 ingenuique
683 3152 806 3229 pudoris,

161 3229 272 3290 Quales
285 3249 347 3288 csse
361 3231 453 3302 decet,
467 3247 537 3305 quos
551 3231 653 3287 ardens
666 3249 790 3307 purpura
802 3229 933 3290 vestit-
1082 3231 1139 3288 155

162 3307 221 3364 Hic
234 3306 285 3364 tibi
298 3308 363 3368 vina
376 3307 463 3379 dabit,
478 3308 580 3364 diffusa
590 3309 619 3364 in
633 3310 776 3366 montibus
789 3309 855 3380 iliis,

162 3385 189 3441 A
205 3385 306 3459 quibua
320 3385 379 3460 ipse
392 3386 478 3458 venit,
493 3403 612 3460 quornm
625 3387 679 3442 sub
693 3387 796 3444 vertice
810 3387 892 3445 lusit:

162 3461 294 3536 Namque
309 3481 366 3520 una
380 3475 462 3538 atque
475 3463 576 3520 eadem
589 3475 633 3521 est
646 3465 703 3522 vini
716 3466 902 3540 pertinetque
915 3460 1086 3520 ministri.-

161 3537 230 3596 Non
244 3540 320 3614 capit
334 3541 384 3596 has
398 3559 488 3616 nugas
502 3541 616 3598 humilis
628 3543 736 3600 domus.
777 3541 888 3598 Audiat
899 3540 947 3596 ilie

161 3615 314 3674 Testarum
326 3617 451 3692 crepitus
464 3638 529 3676 oum
542 3618 642 3690 verbis,
656 3621 764 3676 nudum
777 3619 852 3676 olido
865 3628 942 3674 stans
1081 3617 1138 3676 luo

162 3691 284 3750 ramice
298 3695 470 3770 mancipium
484 3698 586 3772 quibus
600 3697 736 3768 abstinct;
759 3697 806 3756 ille
820 3695 926 3754 fruatur
