2614 4186
580 207 705 258 SATIRA
722 209 744 258 1.

165 347 286 425 Pinguis
300 348 478 424 aqualiculus
489 367 631 426 propenso
644 350 812 427 sesquipede
826 362 925 412 exstet

164 427 289 500 Olane,
311 446 329 484 a
341 439 421 503 tergo
434 446 518 500 quern
531 427 610 485 nulla
623 429 736 486 ciconia
746 429 843 505 pinsit,
892 425 894 430 ’

166 505 231 564 Nec
245 524 346 562 manus
361 506 503 563 auriculas
516 506 627 563 imitata
639 515 683 564 est
697 507 807 588 mobilis
820 507 900 580 altas,
928 550 932 558 ,

166 583 230 642 Nec
244 585 359 658 lingua,
373 581 511 658 quantiam
522 583 599 642 sitiat
612 584 692 660 'cauis
706 585 830 660 Appula,
845 584 971 645 tantum!
1109 589 1150 645 6⁰

165 662 235 734 Vos,
249 661 277 719 Ο
291 662 426 738 patricius
439 663 566 737 sanguis,
580 681 650 737 quos
663 663 756 720 vivere
770 663 812 721 fas
824 674 868 721 est
973 703 975 708 -
1071 717 1075 726 ,

165 740 292 816 Occipiti
307 759 394 811 caeco,
407 740 523 815 posticas
536 740 679 798 occurrite
693 759 801 799 sanun.
1045 797 1049 807 ,

204 819 282 880 Quis
332 817 391 893 puli
405 837 497 876 sermo
508 820 570 876 estl
589 819 653 893 quis
666 819 764 876 enimi
783 819 840 876 nisi
853 820 982 879 carmina
997 822 1074 880 molli

167 895 257 954 Nunc
307 915 386 952 mum
399 915 519 954 numero
532 895 630 967 liuere,
645 908 677 954 ut
689 911 740 972 per
753 895 815 953 leve
828 916 940 956 severos

166 971 305 1034 affundat
315 975 450 1050 junctura
465 993 595 1050 ungues:
617 975 671 1032 scit
684 975 801 1032 tendere
815 993 926 1032 versum
1109 979 1150 1032 ‹35›

168 1052 235 1111 Non
249 1072 341 1124 secus,
355 1071 390 1111 ac
403 1053 426 1110 si
440 1053 525 1110 oculo
538 1052 681 1110 rubricam
694 1053 797 1127 dirigat
811 1071 877 1111 uno.

168 1133 234 1189 Sive
246 1151 318 1207 opus
330 1131 360 1189 in
375 1127 476 1202 mores,
491 1131 521 1188 in
535 1130 644 1202 luxum,
660 1131 689 1187 in
703 1131 823 1205 prandia
837 1150 950 1208 regum,

169 1209 282 1282 Dicere,
293 1229 338 1266 res
351 1209 473 1286 grandes
487 1221 583 1266 nostro
593 1210 641 1266 dat
655 1207 741 1264 Musa
754 1211 854 1284 poetae.
870 1251 872 1257 .

151 1358 153 1362 ι
207 1287 285 1346 Ecce
299 1285 385 1345 modo
399 1289 499 1344 heroas
513 1305 613 1344 sensus
628 1286 728 1344 afferre
748 1287 875 1344 videmus

167 1365 197 1424 N
199 1367 278 1444 ugari
291 1365 387 1424 solitos
399 1363 512 1437 (lraece,
527 1385 582 1422 nec
595 1381 700 1440 ponere
713 1364 810 1422 lucum
906 1373 908 1377 ’
1109 1369 1150 1427 70

168 1445 311 1518 Artifices,
324 1461 379 1502 nee
392 1463 440 1500 rus
453 1455 581 1502 saturum
594 1443 721 1514 laudare,
735 1443 784 1500 ubi
802 1443 912 1517 corbes,

167 1524 205 1581 Et
219 1524 308 1596 focus
322 1534 351 1580 et
364 1522 452 1598 porci,
466 1533 495 1580 et
509 1521 620 1580 fumosa
633 1521 734 1578 Palilia
747 1519 840 1578 steno:

43 1615 59 1638 ‘
167 1601 251 1662 U'ndc
266 1601 387 1672 Remus,
401 1600 536 1675 sulcoque
550 1610 645 1657 terens
657 1599 791 1669 dentalia,
805 1596 921 1672 Quinti,

166 1680 268 1742 Quum
282 1679 392 1754 trepida
406 1690 472 1736 ants
487 1679 571 1736 boves
584 1679 751 1736 dictatorem
765 1677 857 1734 induit
871 1695 951 1752 uxor,

167 1758 205 1817 Et
218 1767 267 1815 tua
283 1768 374 1815 aratra
384 1757 501 1814 domum
515 1756 596 1814 lictor
610 1756 691 1813 tulit:
712 1773 786 1829 euge
799 1756 900 1829 polita!
1108 1757 1149 1816 75

206 1835 258 1894 Est
271 1853 360 1906 nunc,
374 1835 480 1894 Briseis
491 1837 579 1909 'quem
593 1852 713 1891 venosus
726 1831 796 1889 liber
808 1830 892 1904 Acci,

167 1914 251 2050 ἳιιιιῐ,
266 1933 336 1989 quos
350 1912 547 1988 Pacuviusque
560 1922 589 1970 et
603 1927 752 1968 verrucosa
770 1921 894 1968 moretur

197 1993 304 2067 ntiope‚
319 1992 449 2048 <erumnis
460 2010 508 2047 cor
521 1987 700 2066 hrenficodile
706 1985 800 2064 falic.

167 2069 230 2128 Hos
244 2070 339 2146 pueris
353 2069 476 2126 monitus
488 2079 581 2144 patres
594 2065 743 2124 infundere
757 2065 847 2140 lippos

166 2147 268 2214 Quum
283 2148 388 2218 videas,
402 2146 553 2221 quernae,
569 2147 646 2202 uude
661 2147 723 2201 haec
732 2154 844 2218 sartago
857 2143 991 2218 loquendi
1063 2165 1069 2178 “
1107 2145 1148 2203 80

166 2225 287 2284 Venerit
301 2226 330 2282 in
344 2225 478 2300 linguosi
499 2224 576 2282 unde
590 2223 666 2280 istud
681 2222 816 2292 dedecus,
831 2221 861 2278 in
874 2239 931 2295 quo

166 2302 322 2362 Trossulus
335 2303 456 2360 exsultat
469 2303 520 2360 tibi
534 2322 583 2378 per
597 2301 730 2358 subsellia
745 2299 834 2356 levisl

103 2388 106 2398 '
167 2369 254 2440 Nilne
268 2382 365 2458 pudet,
379 2381 465 2456 capiti
479 2400 536 2438 non
550 2394 631 2456 posse
644 2378 770 2454 pericula
783 2395 856 2436 cano

166 2459 286 2531 Pellere,
299 2459 369 2534 quin
383 2458 508 2534 tepidum
523 2460 578 2515 hoc
590 2469 670 2532 optes
683 2457 792 2528 audire,
806 2458 989 2514 pacauerat

206 2537 266 2594 Fur
280 2533 321 2608 es,
336 2538 375 2594 ait
388 2537 484 2593 Pedio.
525 2535 633 2592 Pedius
644 2535 732 2610 quidl
752 2534 872 2592 crimina
885 2534 956 2592 rasis
1106 2536 1148 2593 85

166 2615 265 2682 Librat
279 2616 314 2672 in'
322 2614 483 2672 antithetis:
504 2614 602 2670 doctas
615 2614 741 2687 posuisse
755 2612 860 2686 figuras
972 2606 978 2615 ’

167 2693 329 2750 Laudatur:
351 2691 455 2750 bellurn
470 2692 543 2748 hoc:
564 2691 619 2748 hoc
633 2689 758 2747 belluml
779 2707 826 2761 au,
841 2688 976 2761 Romule,
987 2691 1090 2748 cevesl

167 2769 246 2828 Men'
262 2770 392 2828 moveatl
413 2768 515 2844 quippe
529 2779 567 2837 et,
581 2777 677 2824 cantet
690 2768 713 2824 si
727 2767 892 2842 naufragus,
907 2785 999 2824 assem

156 2848 354 2906 'Protuleriml
375 2860 482 2918 cautas,
496 2863 583 2922 quum
598 2846 687 2904 fractis
700 2856 728 2902 te
742 2846 772 2902 in
786 2843 866 2903 trabe
879 2844 989 2921 pictum

166 2925 212 2984 Ex
226 2927 343 2984 humero
356 2936 457 3002 portes.
499 2925 618 2997 Verum,
633 2943 688 2982 nec
702 2935 786 2981 noete
802 2934 930 2999 paratum
1106 2924 1147 2982 90

166 3003 301 3076 Plorabit,
315 3005 363 3079 qui
378 3023 422 3060 me
437 3003 509 3060 volet
522 3003 686 3060 incurvasse
699 3001 822 3076 querelvl.

106 3123 109 3128 ,
206 3081 264 3153 §ed
279 3081 405 3138 numeris
418 3081 503 3158 decor
517 3091 602 3138 estet
614 3081 747 3156 junctura
761 3080 857 3138 addita
871 3079 975 3138 crudis.

165 3157 307 3217 claudere
321 3159 364 3216 sic
377 3177 489 3216 versum
510 3159 618 3230 didicit,
631 3157 838 3234 Berecyrrtltr'us
852 3155 958 3214 Attin:

165 3237 213 3308 Et,
231 3237 293 3306 Qui
307 3236 451 3293 ceruleum
464 3235 614 3293 dirimebat
627 3236 723 3294 Nerea
736 3231 866 3312 delprltinr
1041 3292 1044 3297 ,

166 3315 226 3388 Sic,
251 3315 365 3372 Curiam
378 3314 461 3387 levigo
474 3313 652 3370 suldrvrimru
666 3313 827 3390 Apennino:
1107 3313 1148 3371 95

165 3391 259 3450 Arma
271 3393 372 3463 cirum,
385 3409 481 3448 nonne
495 3391 550 3447 hoc
563 3409 726 3465 spumosum
741 3402 770 3448 et
782 3390 888 3448 conice
900 3389 1021 3467 pinguil

165 3468 203 3528 Ut
217 3470 323 3528 ramale
335 3479 416 3526 vetus
430 3467 587 3543 pregrandi
600 3469 702 3526 subere
716 3479 838 3526 coctum.

164 3547 314 3608 Quidnam
328 3541 413 3622 igitur
426 3555 566 3616 tenerum,
574 3543 609 3602 'et
621 3545 686 3602 laxit
699 3546 810 3604 cervice
823 3544 997 3621 legendum?

171 3623 269 3682 Torva
282 3622 471 3682 Mimalloneis
485 3621 635 3698 imple‘runt
648 3640 755 3679 cornua
768 3621 887 3679 bombis:

165 3701 211 3760 Et
224 3711 338 3778 raptum
350 3701 439 3758 vitulo
454 3709 540 3775 capul
554 3698 687 3755 ablatura
700 3698 816 3774 superbo
992 3717 994 3722 ·
1092 3701 1148 3760 100

165 3779 318 3852 Bassaris,
331 3785 360 3835 et
373 3777 497 3853 Lyncum
510 3775 620 3834 Menas
626 3774 741 3852 flectcre
754 3776 891 3853 corymbis
