2572 4200
565 257 689 306 sirini
706 257 740 332 ῃ.

158 402 300 462 Attollens
313 401 427 460 oculos:
448 401 536 458 vitreo
549 400 621 459 bibit
635 401 681 458 ille
696 399 808 476 Priapo,

157 481 379 554 Reti'ctrlumque
394 479 483 536 comis
497 491 625 536 auratum
642 479 805 554 ingentibus
819 476 925 556 implet,
1011 504 1016 526 ¹-

157 559 288 617 Caernlea
302 559 418 616 indutus
432 557 582 628 scutulata,
598 570 646 614 aut
659 557 782 632 galbana
795 575 867 628 rasa,

157 635 195 696 Et
207 657 257 713 per
271 636 289 692 J
292 655 416 694 unonem
431 637 537 693 domini
548 636 662 710 jurante
677 636 814 692 ministro.

157 716 209 773 Ille
224 727 301 772 tenet
316 715 473 791 speculum,
487 713 593 790 pathici
607 724 753 788 gestamen
771 712 906 785 Othonis,

158 795 272 852 Actoris
288 793 419 849 Aurunci
434 793 564 866 spolium,
578 810 634 866 quo
647 811 677 848 se
691 791 738 850 ille
752 792 867 848 videbat

158 874 319 942 Armatam,
334 890 421 945 quum
433 871 491 945 jam
506 870 565 927 tolli
581 869 681 936 vexilla
692 870 811 944 juberet.

157 951 219 1008 Res
233 949 415 1006 memoranda
428 948 508 1005 novis
521 948 681 1018 annalibus,
695 959 778 1022 atque
792 947 899 1005 recenti

159 1029 297 1098 Historia,
312 1027 459 1102 speculum
474 1027 565 1083 civilis
579 1026 692 1082 sarcina
705 1025 779 1082 belli.

158 1107 303 1163 Nimirum
318 1106 420 1162 summi
435 1105 517 1161 ducis
531 1116 574 1160 est
586 1105 719 1160 occidere
733 1103 864 1175 Galbam,

158 1183 194 1241 Et
202 1201 303 1240 curare
313 1193 421 1251 outem3
432 1182 534 1238 summi
549 1181 710 1238 constantia
723 1181 793 1238 civis

158 1261 289 1318 Bebriaci
316 1280 420 1336 campo
448 1259 569 1334 spolium
597 1260 730 1316 affectare
745 1259 846 1331 Palati,

158 1339 195 1396 Et
208 1357 337 1413 pressum
350 1339 378 1394 iu
394 1338 495 1394 faciem
509 1339 604 1413 digitis
618 1339 771 1394 extendere
785 1357 886 1414 panem
899 1357 906 1393 :

146 1414 245 1480 *Quod
259 1436 314 1472 nec
329 1416 356 1472 in
372 1410 490 1489 Assyrio
503 1417 664 1491 pharetrata
678 1417 845 1474 Semiramis
858 1418 936 1488 orbe,

157 1493 261 1552 Moesta
276 1513 331 1550 nec
345 1494 467 1550 Actiaci
481 1495 549 1550 lecit
559 1494 709 1570 Cleopatra
723 1495 828 1551 carina.
894 1527 955 1576 Ἡ

157 1573 216 1630 Hic
231 1573 325 1641 nullus
340 1572 431 1629 verbis
444 1574 543 1647 pudor,
559 1585 608 1632 aut
621 1574 777 1630 reverentia
791 1591 908 1630 mensae.

158 1651 217 1708 Hic
231 1651 321 1726 turpis
336 1650 458 1724 Cybeles
471 1662 500 1707 et
515 1652 605 1708 fracti
619 1669 686 1708 voce
700 1652 833 1726 loquendi
915 1720 917 1725 s

157 1729 297 1801 Libertas,
311 1741 340 1786 et
353 1729 434 1785 crine
446 1747 534 1786 senex
548 1730 687 1786 fanaticus
701 1731 766 1786 albo

158 1807 311 1865 Sacrorum
326 1807 453 1878 antistes,
467 1825 562 1879 rarum
576 1827 610 1864 ac
626 1808 806 1864 memorabile
821 1809 918 1882 magni

157 1885 287 1943 Gutturis
301 1886 473 1960 exemplum,
488 1887 748 1959 conducendusque
763 1887 904 1960 magister.
959 1927 961 1933 ι

157 1964 239 2026 Quid
253 1969 349 2022 tamen
362 1975 537 2039 exspectant,
553 1963 675 2038 Phrygio
686 1983 755 2037 quos
769 1973 880 2038 tempus
893 1975 953 2021 erat
964 1963 1024 2040 jam

158 2041 239 2100 More
253 2061 455 2118 supervacuam
470 2041 567 2098 cultris
581 2042 748 2117 abrumpere
762 2043 902 2099 carnemt

195 2121 416 2196 Quadringenta
429 2121 508 2177 dedit
521 2120 670 2177 Gracchus
684 2121 822 2193 sestertia,
837 2121 931 2178 dotem

157 2197 324 2268 Cornicini3
347 2201 407 2257 sive
422 2198 469 2255 hic
483 2211 562 2256 recto
576 2211 736 2258 cantaverat
751 2219 813 2256 aere.

158 2278 283 2353 Signata}
294 2277 413 2334 tabulae:
434 2277 542 2333 dictum
557 2277 690 2334 Feliciter
702 2279 708 2334 !
720 2279 831 2354 ,ingens

157 2355 248 2413 Coena
262 2356 361 2413 sedet:
383 2357 492 2430 gremio
502 2356 593 2430 jacuit
606 2365 678 2413 nova
691 2369 778 2433 nupta
792 2357 893 2414 mariti.

157 2433 185 2490 0
199 2453 339 2509 proceres,
354 2453 471 2491 censore
485 2453 556 2509 opus
569 2446 612 2491 est
626 2455 662 2490 an
679 2436 828 2510 haruspice
843 2437 946 2495 nobisl

159 2512 276 2570 Scilicet
291 2513 428 2583 horreres,
444 2513 603 2588 majoraque
618 2527 742 2572 monstra
756 2526 879 2589 putares,

159 2592 191 2648 Si
205 2591 306 2648 mulier
320 2591 438 2647 vitulum
465 2592 507 2647 vel
523 2592 546 2648 si
562 2592 611 2648 bos
625 2593 723 2649 ederet
737 2611 842 2668 agnum
854 2594 866 2649 l

159 2671 324 2746 Segmeuta‚
338 2680 367 2726 et
380 2669 480 2745 longos
494 2671 616 2740 habitus,
630 2683 659 2726 et
673 2669 803 2726 flammea
816 2672 912 2742 sumit,

159 2749 276 2806 Arcano
290 2747 337 2822 qui
352 2766 433 2805 sacra
447 2747 540 2804 serens
554 2748 683 2804 nutantia
696 2749 755 2805 loro
907 2801 909 2804 .

160 2827 280 2885 Sudavit
293 2827 399 2903 clypeis
413 2825 561 2882 ancilibus
603 2826 631 2882 Ο
645 2838 725 2902 pater
740 2826 835 2899 Urbis,

160 2905 244 2964 Unde
258 2906 338 2963 nefas
351 2916 460 2962 tantum
477 2904 566 2962 Latiis
580 2907 758 2980 pastoribusl
780 2907 856 2964 unde

158 2983 231 3041 Haec
245 2984 346 3058 tetigit,
360 2983 493 3054 Gradive,
507 2996 570 3041 tuos
584 2984 674 3042 urtica
687 2996 804 3062 nepotes
818 2986 830 3042 'l

159 3061 295 3120 Traditur
310 3081 380 3120 ecce
393 3062 452 3119 viro
463 3063 557 3119 clarus
569 3083 676 3139 genere
691 3077 774 3139 atque
787 3065 889 3140 opibus
903 3066 964 3125 vir:

159 3141 223 3198 Nec
236 3141 347 3217 galeam
360 3159 485 3215 quassas,
500 3160 555 3197 nec
568 3153 669 3198 terram
678 3144 802 3220 ¹cuspide
816 3143 920 3219 pulsas,

159 3219 188 3276 N
191 3239 225 3276 ec
238 3219 363 3294 quereris
377 3220 470 3294 patril
511 3220 593 3277 Vade
608 3218 687 3297 ergo,
701 3233 731 3278 et
744 3222 815 3279 cede
830 3223 919 3279 severi

159 3298 177 3355 J
180 3299 314 3374 ugeribus
325 3298 428 3373 campi,
442 3316 527 3372 quem
541 3299 680 3374 negligis!
722 3300 858 3358 Officium
872 3319 936 3358 cras

159 3377 256 3435 Primo
270 3377 328 3433 sole
343 3376 413 3432 mihi
427 3377 622 3451 peragendum
638 3379 666 3435 in
682 3379 753 3434 valle
766 3378 892 3439 Quirini.

158 3455 235 3518 Quae
249 3454 457 3512 causaofficiil
496 3455 579 3516 Quid
593 3456 715 3529 quaerisl
756 3455 848 3516 Nubit
861 3455 980 3526 amicus,

161 3533 225 3592 Nec
240 3533 343 3591 multos
357 3533 480 3590 adhibet.
522 3531 622 3589 Liceat
638 3531 723 3590 modd
739 3533 848 3599 vivere3
869 3531 947 3602 fient,

160 3611 245 3670 Fient
259 3613 313 3669 ista
326 3609 432 3686 paldm,
446 3609 564 3684 cupient
577 3621 605 3668 et
618 3612 646 3668 in
663 3623 726 3668 acta
740 3609 844 3666 referri.

161 3693 275 3750 Interea
288 3699 461 3748 tormentum
476 3689 578 3762 ingens
591 3689 765 3746 nubentibus
779 3689 875 3760 heret,

159 3769 251 3834 Quod
266 3777 413 3844 nequeunt
425 3785 534 3842 parere,
549 3777 578 3823 et
590 3778 672 3842 partu
685 3767 808 3825 retinere
822 3769 945 3824 maritos.

1089 2121 1144 2179 tuo
