2614 4186
542 217 666 269 sarran
688 217 748 276 xv.
1093 218 1133 278 ω

148 357 284 418 Fortuna
300 358 406 416 invidia
420 371 463 422 est
477 359 669 435 bellorumque
683 359 889 432 nltima,.casua
914 379 917 384 ’
1094 355 1134 416 ue

148 437 289 508 Extremi,⁴
299 437 391 514 longer
407 438 468 494 dira
481 437 636 496 obsidionis
647 449 769 513 egestas.
1129 452 1132 458 ’

148 516 243 592 Hujus
257 517 333 572 enirn
337 517 433 590 ‚quod
449 535 577 592 nuncag
559 516 643 588 tr,itur
658 515 819 574 miserabile
832 515 924 574 debet-

148 593 316 670 Exemplum
330 613 392 652 esse
406 594 478 652 cibi:
499 595 573 652 sicut
586 561 671 652 modd
686 596 762 653 dicta
775 594 844 652 mihi
857 613 929 670 gene

148 671 216 730 Post
228 691 327 730 omnes
341 673 451 742 herhas,
465 685 527 762 post
541 686 646 730 cuncta
659 673 792 731 animalia
793 673 989 748 ,quidquid

148 749 277 828 Cogebet
290 750 372 808 vacui
386 751 490 808 ventris
504 751 590 822 furor,
606 745 754 810 hostibus
747 753 814 827 ipsis
1079 751 1135 810 lot)

149 829 296 899 l'ellorem,
311 848 345 886 ac
360 829 489 900 maciem,
504 841 533 886 et
546 841 646 886 tenues
659 830 860 888 miserantibus
873 840 959 902 artus,

150 905 280 965 Membra
294 907 386 967 aliena
400 908 474 965 fame
489 907 660 980 lacerabant,
675 927 738 966 esse
751 908 840 984 parati

153 985 187 1043 Et
200 1005 259 1042 sua
299 986 443 1047 Quisnam
458 986 603 1044 hominurn
619 987 729 1044 veniam
743 985 811 1044 dare
814 987 932 1061 ,quisve
947 987 1065 1044 deorum
1083 1045 1087 1054 ,

153 1064 266 1121 Viribus
281 1063 411 1121 abnuerit
426 1064 489 1120 dira
503 1074 600 1146 atque
600 1064 737 1122 immania
749 1065 849 1139 passis,

154 1137 188 1202 Et
201 1142 304 1217 quibus
318 1142 428 1200 illorum
443 1154 574 1218 poterant
586 1135 735 1218 ignoscere
751 1141 1135 1215 manes,105

120 1255 122 1262 v
147 1219 281 1282 Quorum
295 1220 459 1295 corporibus
473 1221 681 1299 vescebarrturl
721 1218 827 1280 Meliirs
840 1239 893 1278 nos
1017 1255 1021 1267 »
1131 1263 1133 1270 ,

150 1297 279 1356 Zenonis
293 1308 435 1374 precepta
448 1292 583 1356 monent:
604 1318 659 1356 nec
672 1299 750 1356 enim
762 1300 859 1357 omnia
861 1298 1011 1372 ‚quedem

151 1377 206 1433 Pro
220 1377 276 1434 vita
290 1375 423 1434 facienda
435 1388 522 1452 putat
563 1377 621 1434 Sed
633 1377 777 1434 Cantaber
791 1376 868 1435 unde

151 1455 275 1532 Stoicus,
291 1455 398 1528 antiqui
411 1455 566 1529 presertim
580 1465 662 1514 aetate
677 1455 810 1513 Metellil

151 1525 250 1590 Nunc
252 1544 326 1590 totus
339 1533 440 1590 Graias
454 1544 617 1607 nostrasque
631 1534 717 1594 habet
730 1534 807 1591 orbis
821 1534 959 1594 Athenae.

150 1610 245 1668 Gallie
257 1611 417 1668 causidicos
431 1611 528 1669 docuit
542 1611 665 1669 facunda
679 1611 847 1672 Britannos.

152 1688 196 1746 De
210 1689 398 1746 conducendo
411 1688 554 1764 loquitur
544 1708 604 1765 jem
618 1691 728 1747 rhetore
742 1690 847 1748 Thule.

152 1767 263 1824 Nobilis
274 1766 321 1823 ille
335 1777 430 1824 temen
445 1768 573 1842 populus,
587 1787 672 1842 quem
685 1769 825 1837 diximus;
846 1779 875 1826 et
888 1787 939 1844 par

151 1845 262 1902 Virtute
278 1856 360 1918 atque
373 1843 440 1916 fide,
454 1846 504 1902 sed
518 1846 606 1920 major
610 1847 701 1902 clade
716 1811 862 1921 Sagunlus

151 1921 225 1980 Tale
238 1921 305 1997 quid
319 1935 444 1980 excusat.
486 1922 619 1980 Meotide
633 1924 743 1980 sevior
740 1925 794 1980 ιιι

152 2001 301 2076 AEgyptus.
341 2000 458 2076 Quippe
472 2001 522 2062 illa
535 2001 651 2058 nefandi
666 2001 804 2060 Taurica
803 2003 895 2060 sacri

152 2078 298 2136 inventrix
312 2079 441 2136 homines
445 2077 660 2162 (etiamque
674 2081 801 2138 carmine
814 2081 939 2154 tradunt,

152 2155 249 2231 Digne
262 2156 317 2216 tide
331 2157 445 2234 credas)
454 2157 566 2216 tantum
579 2146 717 2230 immolat,
729 2139 849 2217 ulterius
861 2157 901 2216 nil

153 2234 214 2291 Aut
227 2235 340 2311 gravius
353 2233 445 2292 cultro
459 2236 539 2317 timet
554 2237 653 2294 hostia
693 2236 755 2298 Qui
767 2235 854 2295 modd
869 2255 952 2296 casus

153 2311 269 2387 impulit
283 2313 355 2369 hosl
375 2330 437 2388 que
452 2307 530 2370 talita
543 2315 642 2384 sames,
656 2312 813 2390 infestaque
827 2315 900 2373 vallo

153 2393 242 2448 Arma
256 2395 414 2466 coegerunt
427 2401 485 2448 tam
499 2360 665 2450 detestabile
679 2405 836 2450 monstrum

152 2469 292 2526 Auderel
312 2468 400 2526 Anne
414 2469 508 2540 eliam,
522 2472 597 2527 terra
612 2470 799 2546 Memphitide
813 2473 901 2545 sicea,

153 2545 291 2604 Invidiam
301 2547 432 2604 lacerent
445 2513 552 2606 noldnti
566 2567 681 2623 surgere
695 2549 801 2608 Nilol

151 2624 222 2686 Qua
235 2643 291 2682 nec
305 2625 443 2682 terribiles
456 2624 576 2697 Cimbri,
591 2645 646 2683 nec
659 2627 791 2686 Britones
805 2645 943 2702 unquam,

152 2703 362 2765 Sauromataeve
377 2715 481 2773 truces,
495 2715 544 2762 aut
557 2703 695 2762 immanes
708 2705 872 2798 Agathyrsi,

152 2780 219 2840 Hac
234 2780 313 2838 saevit
328 2781 404 2838 rabie
418 2780 532 2838 imbelle
545 2792 575 2838 et
585 2781 686 2840 inutile
700 2771 819 2858 vulgus,⁴

152 2859 272 2916 Parvula
286 2858 420 2916 fictilibus
434 2859 546 2916 solitum
560 2859 628 2916 dare
641 2860 703 2917 vela
715 2861 848 2936 phaselis,

152 2937 189 2994 Et
205 2937 336 2994 brevibus
350 2937 432 3012 pictae
446 2936 531 2994 remis
546 2937 710 2996 incumbere
723 2950 810 2996 testor.

152 3013 217 3072 Nec
232 3034 344 3092 poenam
358 3015 458 3074 sceleri
472 3015 608 3086 invenies,
623 3035 677 3073 nec
691 3017 778 3093 digna
790 3018 903 3093 parebis

152 3093 299 3168 Supplicia
313 3093 357 3150 his
370 3093 489 3168 populis,
504 3094 532 3150 in
547 3113 666 3168 quorum
680 3107 776 3153 mente
789 3115 872 3171 pares
885 3108 952 3155 eunt

151 3171 190 3228 Et
200 3171 308 3228 similes
323 3172 364 3227 ira
378 3182 462 3243 atque
478 3171 575 3228 fames
618 3171 788 3232 Mollissima
802 3175 889 3233 corda

152 3247 291 3306 Humano
305 3267 404 3324 generi
396 3248 486 3304 dare
500 3267 530 3304 se
544 3259 646 3307 natura
661 3251 772 3324 latetur,

150 3327 227 3389 Qus
241 3327 380 3422 lacrymas
393 3325 487 3382 dedit:
509 3327 571 3382 hec
584 3330 671 3386 nostri
685 3349 749 3404 pars
762 3298 869 3405 hptime
882 3330 991 3389 sensus.

151 3405 265 3464 Plorare
277 3423 346 3480 ergo
331 3399 438 3478 jubet
452 3421 550 3460 cesum
565 3405 687 3480 lugentis
701 3409 795 3480 amici,

151 3484 373 3571 squaloremque
387 3481 428 3538 rei
431 3480 588 3568 ,pupillum
603 3483 659 3540 ed
649 3503 713 3574 qua
726 3453 874 3543 vocdntem
1082 3487 1136 3544 135

150 3525 445 3635 Circumscriptoreni,
460 3558 542 3634 cujus
556 3563 700 3619 manentia
713 3562 781 3619 fletu
1074 3579 1079 3590 “

149 3641 211 3698 Ora
224 3637 383 3729 puellares
381 3636 511 3694 faciunt
503 3649 614 3695 incerta
626 3641 730 3714 capilli

149 3717 270 3778 Nature
285 3714 404 3792 imperio
417 3714 566 3789 gemimus,
580 3733 667 3790 quum
682 3717 767 3774 funus
781 3718 884 3778 edulte
1042 3703 1066 3734 Γ
