2614 4186
131 233 171 294 92
473 243 504 293 Α.
522 241 635 310 euasti
652 243 774 297 rancor

172 375 331 438 Scribimus
345 380 459 456 inclusi,
473 403 607 444 numeros
621 387 676 456 ille,
692 387 738 442 hic
752 386 823 458 pede
836 384 917 452 liber,
941 381 945 388 ’

131 455 246 514 Grande
262 457 377 534 aliquid,
391 459 465 535 quod
479 459 575 538 pulmo
589 463 688 519 animae
702 461 853 536 praelargus
866 457 987 516 anhelet.

132 535 250 592 Scilicet
264 536 325 593 hac
338 538 451 614 populo,
465 556 607 615 pexusque
621 538 739 612 tegique
753 541 884 608 recenti,
908 577 911 588 ,
1068 535 1104 594 15

132 609 170 668 Et
183 614 312 672 natalitii
325 617 440 674 tandem
454 633 520 676 curn
533 616 716 688 sardonyche,
731 611 811 672 albus

132 689 207 748 Sede
221 691 299 768 leges
313 694 399 764 celsi,
413 693 519 766 liquido
529 709 614 769 quum
628 691 765 767 plasmate
779 707 876 771 guttur

132 766 239 827 Mobile
253 769 393 842 collueris,
404 770 523 846 patranti
538 771 641 825 fractus
653 768 753 825 ocello:

132 841 191 903 Hic
205 867 296 923 neque
310 867 386 907 more
397 847 485 923 probo
498 846 592 916 videas
606 863 696 920 neque
710 863 783 904 voce
793 847 892 904 sereni
931 873 933 880 ·

132 920 267 999 Ingentes
280 927 417 1002 trepidare
432 923 524 994 Titos,
539 938 625 997 quum
639 924 767 980 carmina
780 923 909 982 lumbum
1066 925 1106 984 20

115 1042 117 1046 -
131 995 250 1074 latrant,
265 1017 293 1061 et
306 1002 424 1060 tremulo
437 1002 600 1076 scalpuntur
613 1001 661 1056 ubi
676 1002 777 1059 intima
791 1021 880 1075 versu.
901 1030 918 1068 ῃ

130 1077 219 1151 Tun’,
233 1081 333 1148 vetule,
348 1078 481 1136 auriculis
492 1078 592 1135 alienis
603 1079 713 1155 colligis
727 1081 826 1138 escasl

130 1159 284 1228 Auriculis,
298 1157 400 1232 quibus
413 1166 442 1212 et
455 1157 534 1213 dicas
549 1168 613 1214 cute
628 1159 852 1232 perditus,·ohel

130 1236 214 1297 ‘Quo
227 1236 368 1306 didicisse,
383 1233 437 1290 nisi
452 1235 506 1292 hoc
521 1236 732 1295 fermentumet
745 1255 807 1311 quae
821 1235 908 1294 semel
922 1237 998 1294 intus

130 1311 230 1379 Innata
240 1325 292 1384 est,
307 1325 387 1388 rupto
398 1313 493 1388 jecore
508 1313 609 1370 exierit
622 1315 772 1390 caprificus
780 1315 803 1370 l'
1066 1315 1112 1374 25·

128 1389 173 1449 En
187 1391 273 1466 pallor
287 1391 470 1466 seniumque!
493 1391 523 1449 Ο
536 1393 644 1450 mores!
667 1411 759 1466 usque.
770 1390 880 1452 adedne
943 1411 950 1418 ·

128 1467 209 1527 Scire
223 1480 302 1527 tuum
316 1469 386 1538 nihil
402 1481 453 1540 est,
469 1469 523 1526 nisi
538 1481 565 1526 te
580 1470 652 1528 sciro
667 1471 721 1527 lroc
735 1470 806 1528 sciat
816 1471 908 1528 alteri

128 1548 186 1607 ‘At
199 1548 349 1624 pulchrum
363 1561 406 1606 est
419 1548 508 1626 digito
521 1550 678 1618 monstrari,
693 1561 721 1606 et
734 1549 834 1621 dicier,
849 1549 907 1608 Hic
920 1550 981 1608 est!

127 1627 202 1686 Ten'
217 1629 382 1686 cirratorum
397 1640 512 1686 centurn
527 1630 632 1686 dictata
646 1629 731 1686 luisse

128 1707 182 1766 Pro
196 1708 284 1765 nihilo
297 1711 406 1784 pendas
416 1710 436 1765 l'
478 1708 556 1765 Ecca
570 1708 644 1764 inter
657 1706 762 1782 pocula
772 1717 902 1780 quaerunt
1065 1705 1105 1764 8⁰

127 1785 288 1842 Romulidae
303 1788 401 1856 saturi,
415 1788 483 1861 quid
498 1787 544 1842 dia
557 1790 690 1860 pocmata
704 1795 826 1842 narrent.
893 1821 896 1826 -

127 1863 186 1920 Hic
202 1865 310 1939 aliquis,
325 1865 372 1922 cui
387 1866 495 1922 circum
510 1866 642 1930 humeros
655 1863 840 1938 hyacinthina
853 1862 926 1920 laena
940 1872 993 1935 est,

128 1942 324 2000 Rancidulum
338 1945 472 2018 quiddarp
487 1943 569 2000 balba
583 1943 619 1998 de
633 1961 701 2000 nare
715 1942 837 2012 locutus,

118 2019 279 2096 -Pnyttidas,
295 2021 477 2097 Hypsipyles,
491 2034 585 2078 vatum
600 2030 629 2077 et
642 2020 776 2096 plorabile
790 2019 813 2078 si
830 2019 910 2094 quid,

126 2098 249 2173 Eliquat‚
264 2111 292 2156 et
306 2112 403 2157 tenero
417 2101 576 2175 supplantat
590 2099 673 2157 verba
686 2098 786 2173 palato.
859 2141 861 2144 -
926 2099 929 2107 '
1062 2095 1102 2152 35

127 2176 285 2236 Assensdre
300 2178 368 2235 viri:
390 2196 468 2235 nunc
482 2176 686 2238 noncinisille
700 2180 792 2251 poetae
1088 2202 1094 2209 ·
1136 2197 1139 2204 ·

127 2255 230 2314 Felixl
252 2277 308 2313 non
323 2257 407 2320 levior
422 2257 522 2331 cippus
535 2273 613 2312 nunc
628 2253 762 2330 imprimit
775 2253 860 2312 ossei

128 2335 258 2391 Laudant
272 2335 395 2391 convivae
409 2353 415 2390 :
436 2351 515 2390 nunc
530 2353 587 2390 non
601 2351 617 2390 e
632 2331 761 2388 manibus
775 2333 843 2404 iltis,

127 2411 155 2469 N
158 2432 215 2469 unc
229 2433 286 2470 non
301 2433 317 2469 e
331 2413 440 2470 tumulo
453 2413 649 2486 fortunataque
664 2411 759 2468 saville

127 2490 288 2548 Nascantur
302 2491 402 2547 violet
444 2490 544 2560 Rides,
559 2490 607 2560 ait,
621 2501 652 2546 et
663 2489 747 2546 nimis
762 2490 845 2546 uncis
865 2503 869 2512 '

127 2569 252 2628 Naribus
266 2569 405 2643 indulges.
447 2571 495 2626 An
509 2568 572 2640 erit,
586 2568 633 2643 qui
648 2568 719 2625 velle
733 2579 845 2625 recuset

126 2649 169 2705 Os
180 2648 273 2724 populi
290 2647 448 2705 meruisset
466 2659 506 2718 et,
521 2649 606 2704 cedro
620 2647 707 2722 digna
717 2647 838 2717 locutus,

127 2726 269 2802 Linquere
284 2746 336 2784 nec
351 2727 494 2783 scombros
508 2726 662 2784 metuentia
676 2724 811 2795 carmina,
825 2743 879 2780 nec
893 2723 979 2781 thusl

126 2805 266 2880 Quisquis
279 2825 320 2875 ee,
335 2805 362 2862 O
375 2802 459 2862 modb
473 2823 557 2878 quern
568 2823 604 2861 err
619 2804 734 2860 adverso
747 2803 842 2859 dicere
856 2801 920 2873 leci,

127 2882 193 2939 Non
208 2899 270 2957 ego,
284 2899 372 2956 quum
385 2883 487 2951 scribe,
502 2882 526 2938 si
542 2879 611 2940 sorte
625 2882 692 2954 quid
705 2881 798 2955 aptius
812 2879 880 2950 exit,

125 2960 253 3024 Quaado
267 2963 328 3018 lraec
342 2981 404 3018 rara
414 2961 472 3018 avis
486 2971 538 3029 est,
553 2959 575 3014 si
590 2960 657 3034 quid
671 2971 764 3016 tamen
780 2957 872 3032 aptius
885 2956 953 3028 exit,

127 3039 249 3115 Laudari
264 3050 386 3098 metuam
428 3037 610 3112 nequeenim
624 3037 693 3092 milri
707 3054 811 3100 cornea
824 3034 897 3092 libre
907 3045 966 3092 est:

127 3118 185 3174 Sed
200 3117 269 3174 recti
284 3117 425 3192 finemque
438 3127 650 3188 extremumque
664 3118 726 3170 esse
738 3131 840 3172 recuso
935 3169 937 3174 ,

126 3195 212 3256 Eunu
242 3208 322 3254 tuum
334 3207 362 3253 et
385 3206 495 3252 nunna:
517 3211 583 3250 narn
598 3211 692 3252 namu
707 3193 760 3250 hoc
770 3202 872 3250 excute
886 3201 993 3250 totum:

125 3274 208 3334 Quid
223 3293 280 3331 non
295 3273 371 3331 intus
387 3272 492 3330 habeti
514 3291 570 3331 non
583 3271 629 3330 hic
643 3279 686 3328 est
701 3269 769 3328 llius
783 3269 859 3328 Acci

127 3351 214 3409 Ebria
225 3353 352 3409 voratrol
374 3353 430 3408 no'n
445 3350 468 3407 si
482 3369 536 3425 qua
547 3349 668 3424 elegidia
682 3348 763 3406 crudi
823 3346 825 3355 '

127 3429 279 3487 Dictdrunt
293 3431 442 3505 proceresl
464 3447 524 3486 non.
534 3427 668 3503 quicquid
682 3427 804 3502 denique
817 3427 899 3486 lectis

128 3506 268 3564 Scribitur
282 3509 310 3564 in
325 3507 440 3566 citreisl
481 3507 614 3564 Calidum
629 3506 685 3562 scis
698 3525 802 3581 ponere
816 3523 934 3562 sumen:

128 3585 192 3644 Scis
206 3584 339 3641 comitem
353 3587 528 3644 horridulum
542 3583 607 3644 tritri
621 3581 727 3649 donare
740 3583 875 3642 lacerati:

127 3662 173 3732 m,
189 3661 307 3731 Verum,
322 3663 425 3736 inquis,
439 3682 520 3722 arno:
542 3681 637 3720 verum
653 3663 721 3720 milri
736 3662 822 3718 dicite
836 3662 872 3718 de
886 3678 940 3718 rue.

126 3739 189 3800 Qui
203 3738 290 3812 potul
311 3739 352 3794 vis
366 3739 480 3796 dicanti
500 3741 628 3817 nugaris,
642 3760 729 3816 quum
744 3739 806 3812 tibi,
820 3737 909 3810 calve,
