<?xml version="1.0" encoding="UTF-8"?>
<!DOCTYPE html PUBLIC "-//W3C//DTD XHTML 1.0 Transitional//EN"
    "http://www.w3.org/TR/xhtml1/DTD/xhtml1-transitional.dtd">
<html xmlns="http://www.w3.org/1999/xhtml" xml:lang="en" lang="en">
 <head>
  <title>
</title>
<meta http-equiv="Content-Type" content="text/html;charset=utf-8" />
  <meta name='ocr-system' content='tesseract 3.04.00' />
  <meta name='ocr-capabilities' content='ocr_page ocr_carea ocr_par ocr_line ocrx_word'/>
</head>
<body>
  <div class='ocr_page' id='page_1' title='image "./decimijuniijuve01levegoog_0102.png"; bbox 0 0 2614 4186; ppageno 0'>
   <div class='ocr_carea' id='block_1_1' title="bbox 162 199 803 262">
    <p class='ocr_par' dir='ltr' id='par_1_1' title="bbox 162 199 803 262">
     <span class='ocr_line' id='line_1_1' title="bbox 162 199 803 262; baseline 0.005 -15"><span class='ocrx_word' id='word_1_1' title='bbox 162 199 203 262; x_wconf 71' lang='lat' dir='ltr'><strong>aa</strong></span> <span class='ocrx_word' id='word_1_2' title='bbox 369 221 371 225; x_wconf 94' lang='lat'>-</span> <span class='ocrx_word' id='word_1_3' title='bbox 501 200 530 248; x_wconf 74' lang='lat' dir='ltr'><strong>n</strong></span> <span class='ocrx_word' id='word_1_4' title='bbox 550 199 663 252; x_wconf 76' lang='lat' dir='ltr'><strong>sensu</strong></span> <span class='ocrx_word' id='word_1_5' title='bbox 680 200 803 250; x_wconf 78' lang='lat' dir='ltr'><strong>nancei</strong></span> 
     </span>
    </p>
   </div>
   <div class='ocr_carea' id='block_1_2' title="bbox 121 337 984 2445">
    <p class='ocr_par' dir='ltr' id='par_1_2' title="bbox 127 337 967 652">
     <span class='ocr_line' id='line_1_2' title="bbox 163 337 869 418; baseline 0.006 -22"><span class='ocrx_word' id='word_1_6' title='bbox 163 337 307 398; x_wconf 82' lang='lat' dir='ltr'>Intendit:</span> <span class='ocrx_word' id='word_1_7' title='bbox 324 340 383 418; x_wconf 87' lang='lat' dir='ltr'><strong>jam</strong></span> <span class='ocrx_word' id='word_1_8' title='bbox 398 341 501 400; x_wconf 86' lang='lat' dir='ltr'><strong>crescit</strong></span> <span class='ocrx_word' id='word_1_9' title='bbox 514 353 590 418; x_wconf 79' lang='lat' dir='ltr'><strong>ager,</strong></span> <span class='ocrx_word' id='word_1_10' title='bbox 601 341 660 417; x_wconf 82' lang='lat' dir='ltr'><strong>jam</strong></span> <span class='ocrx_word' id='word_1_11' title='bbox 671 343 774 400; x_wconf 86' lang='lat' dir='ltr'><strong>crescit</strong></span> <span class='ocrx_word' id='word_1_12' title='bbox 787 343 869 414; x_wconf 85' lang='lat' dir='ltr'><strong>ovile,</strong></span> 
     </span>
     <span class='ocr_line' id='line_1_3' title="bbox 163 416 941 496; baseline 0.005 -22"><span class='ocrx_word' id='word_1_13' title='bbox 163 416 229 476; x_wconf 88' lang='lat' dir='ltr'><strong>Jam</strong></span> <span class='ocrx_word' id='word_1_14' title='bbox 242 419 364 490; x_wconf 89' lang='lat' dir='ltr'><strong>dabitur,</strong></span> <span class='ocrx_word' id='word_1_15' title='bbox 374 418 433 495; x_wconf 84' lang='lat' dir='ltr'><strong>jam</strong></span> <span class='ocrx_word' id='word_1_16' title='bbox 444 419 520 495; x_wconf 78' lang='lat' dir='ltr'><strong>jam:</strong></span> <span class='ocrx_word' id='word_1_17' title='bbox 542 419 635 477; x_wconf 88' lang='lat' dir='ltr'><strong>donec</strong></span> <span class='ocrx_word' id='word_1_18' title='bbox 650 420 785 496; x_wconf 82' lang='lat' dir='ltr'><strong>deceptus</strong></span> <span class='ocrx_word' id='word_1_19' title='bbox 798 432 827 477; x_wconf 90' lang='lat' dir='ltr'><strong>et</strong></span> <span class='ocrx_word' id='word_1_20' title='bbox 840 439 941 496; x_wconf 78' lang='lat' dir='ltr'>exspes</span> 
     </span>
     <span class='ocr_line' id='line_1_4' title="bbox 162 495 967 572; baseline 0.006 -20"><span class='ocrx_word' id='word_1_21' title='bbox 162 495 465 572; x_wconf 79' lang='lat' dir='ltr'><strong>Nequidquam-fundo</strong></span> <span class='ocrx_word' id='word_1_22' title='bbox 478 497 598 572; x_wconf 80' lang='lat' dir='ltr'><strong>suspirat</strong></span> <span class='ocrx_word' id='word_1_23' title='bbox 611 515 745 557; x_wconf 86' lang='lat' dir='ltr'><strong>nummus</strong></span> <span class='ocrx_word' id='word_1_24' title='bbox 759 497 788 555; x_wconf 93' lang='lat' dir='ltr'><strong>in</strong></span> <span class='ocrx_word' id='word_1_25' title='bbox 803 499 867 556; x_wconf 89' lang='lat' dir='ltr'><strong>imo.</strong></span> <span class='ocrx_word' id='word_1_26' title='bbox 965 546 967 550; x_wconf 92' lang='lat'>.</span> 
     </span>
     <span class='ocr_line' id='line_1_5' title="bbox 127 571 841 652; baseline 0.007 -23"><span class='ocrx_word' id='word_1_27' title='bbox 127 643 130 648; x_wconf 20' lang='grc' dir='ltr'>Ι</span> <span class='ocrx_word' id='word_1_28' title='bbox 203 574 235 630; x_wconf 80' lang='lat' dir='ltr'><strong>si</strong></span> <span class='ocrx_word' id='word_1_29' title='bbox 248 571 298 632; x_wconf 93' lang='lat' dir='ltr'><strong>tibi</strong></span> <span class='ocrx_word' id='word_1_30' title='bbox 312 585 435 632; x_wconf 86' lang='lat' dir='ltr'><strong>crateras</strong></span> <span class='ocrx_word' id='word_1_31' title='bbox 448 575 557 650; x_wconf 84' lang='lat' dir='ltr'><strong>argenti</strong></span> <span class='ocrx_word' id='word_1_32' title='bbox 572 574 728 650; x_wconf 82' lang='lat' dir='ltr'><strong>incusaque</strong></span> <span class='ocrx_word' id='word_1_33' title='bbox 742 577 841 652; x_wconf 85' lang='lat' dir='ltr'><strong>pingui</strong></span> 
     </span>
    </p>

    <p class='ocr_par' dir='ltr' id='par_1_3' title="bbox 121 653 984 2445">
     <span class='ocr_line' id='line_1_6' title="bbox 162 653 915 728; baseline 0.004 -20"><span class='ocrx_word' id='word_1_34' title='bbox 162 653 244 710; x_wconf 81' lang='lat' dir='ltr'><strong>Auro</strong></span> <span class='ocrx_word' id='word_1_35' title='bbox 257 653 332 710; x_wconf 89' lang='lat' dir='ltr'><strong>dona</strong></span> <span class='ocrx_word' id='word_1_36' title='bbox 345 653 443 724; x_wconf 85' lang='lat' dir='ltr'><strong>seram,</strong></span> <span class='ocrx_word' id='word_1_37' title='bbox 457 655 552 722; x_wconf 84' lang='lat' dir='ltr'><strong>sudes,</strong></span> <span class='ocrx_word' id='word_1_38' title='bbox 568 664 597 710; x_wconf 88' lang='lat' dir='ltr'><strong>et</strong></span> <span class='ocrx_word' id='word_1_39' title='bbox 606 665 719 728; x_wconf 78' lang='lat' dir='ltr'>pectore</span> <span class='ocrx_word' id='word_1_40' title='bbox 733 654 804 712; x_wconf 85' lang='lat' dir='ltr'><strong>laevo</strong></span> <span class='ocrx_word' id='word_1_41' title='bbox 910 665 915 672; x_wconf 84' lang='lat'>&#39;</span> 
     </span>
     <span class='ocr_line' id='line_1_7' title="bbox 162 728 790 806; baseline 0.006 -21"><span class='ocrx_word' id='word_1_42' title='bbox 162 728 298 789; x_wconf 85' lang='lat' dir='ltr'><strong>Excutiat</strong></span> <span class='ocrx_word' id='word_1_43' title='bbox 310 742 403 806; x_wconf 80' lang='lat' dir='ltr'><strong>guttas</strong></span> <span class='ocrx_word' id='word_1_44' title='bbox 417 732 505 789; x_wconf 76' lang='lat' dir='ltr'><strong>laetari</strong></span> <span class='ocrx_word' id='word_1_45' title='bbox 519 731 717 806; x_wconf 74' lang='lat' dir='ltr'><strong>praetrepidum</strong></span> <span class='ocrx_word' id='word_1_46' title='bbox 732 750 790 789; x_wconf 84' lang='lat' dir='ltr'><strong>cor.</strong></span> 
     </span>
     <span class='ocr_line' id='line_1_8' title="bbox 162 806 807 884; baseline 0.006 -20"><span class='ocrx_word' id='word_1_47' title='bbox 162 806 241 864; x_wconf 87' lang='lat' dir='ltr'><strong>Hinc</strong></span> <span class='ocrx_word' id='word_1_48' title='bbox 255 807 324 866; x_wconf 92' lang='lat' dir='ltr'><strong>illud</strong></span> <span class='ocrx_word' id='word_1_49' title='bbox 339 809 433 881; x_wconf 92' lang='lat' dir='ltr'><strong>subiit,</strong></span> <span class='ocrx_word' id='word_1_50' title='bbox 448 827 516 866; x_wconf 88' lang='lat' dir='ltr'><strong>auro</strong></span> <span class='ocrx_word' id='word_1_51' title='bbox 529 827 624 866; x_wconf 84' lang='lat' dir='ltr'><strong>sacras</strong></span> <span class='ocrx_word' id='word_1_52' title='bbox 637 808 712 884; x_wconf 90' lang='lat' dir='ltr'><strong>quod</strong></span> <span class='ocrx_word' id='word_1_53' title='bbox 725 823 807 868; x_wconf 87' lang='lat' dir='ltr'><strong>ovato</strong></span> 
     </span>
     <span class='ocr_line' id='line_1_9' title="bbox 162 885 828 960; baseline 0.005 -18"><span class='ocrx_word' id='word_1_54' title='bbox 162 885 299 943; x_wconf 88' lang='lat' dir='ltr'><strong>Perducis</strong></span> <span class='ocrx_word' id='word_1_55' title='bbox 314 887 416 944; x_wconf 84' lang='lat' dir='ltr'><strong>iacies:</strong></span> <span class='ocrx_word' id='word_1_56' title='bbox 438 893 517 959; x_wconf 89' lang='lat' dir='ltr'><strong>nam,</strong></span> <span class='ocrx_word' id='word_1_57' title='bbox 530 886 629 944; x_wconf 83' lang='lat' dir='ltr'><strong>fratres</strong></span> <span class='ocrx_word' id='word_1_58' title='bbox 643 887 717 944; x_wconf 88' lang='lat' dir='ltr'><strong>inter</strong></span> <span class='ocrx_word' id='word_1_59' title='bbox 731 891 828 960; x_wconf 70' lang='lat' dir='ltr'><strong>aenos,</strong></span> 
     </span>
     <span class='ocr_line' id='line_1_10' title="bbox 163 962 808 1042; baseline 0.006 -23"><span class='ocrx_word' id='word_1_60' title='bbox 163 962 282 1022; x_wconf 86' lang='lat' dir='ltr'><strong>Somnia</strong></span> <span class='ocrx_word' id='word_1_61' title='bbox 295 965 395 1042; x_wconf 71' lang='lat' dir='ltr'><strong>pituita</strong></span> <span class='ocrx_word' id='word_1_62' title='bbox 408 963 456 1040; x_wconf 91' lang='lat' dir='ltr'><strong>qui</strong></span> <span class='ocrx_word' id='word_1_63' title='bbox 471 964 668 1040; x_wconf 84' lang='lat' dir='ltr'><strong>purgatissima</strong></span> <span class='ocrx_word' id='word_1_64' title='bbox 682 966 808 1036; x_wconf 86' lang='lat' dir='ltr'><strong>mittunt,</strong></span> 
     </span>
     <span class='ocr_line' id='line_1_11' title="bbox 161 1040 795 1119; baseline 0.005 -21"><span class='ocrx_word' id='word_1_65' title='bbox 161 1040 300 1119; x_wconf 80' lang='lat' dir='ltr'><strong>Praecipui</strong></span> <span class='ocrx_word' id='word_1_66' title='bbox 315 1054 408 1114; x_wconf 86' lang='lat' dir='ltr'><strong>sunto,</strong></span> <span class='ocrx_word' id='word_1_67' title='bbox 428 1043 519 1118; x_wconf 87' lang='lat' dir='ltr'><strong>sitque</strong></span> <span class='ocrx_word' id='word_1_68' title='bbox 533 1043 589 1116; x_wconf 83' lang='lat' dir='ltr'><strong>illis</strong></span> <span class='ocrx_word' id='word_1_69' title='bbox 603 1062 688 1100; x_wconf 86' lang='lat' dir='ltr'><strong>aurea</strong></span> <span class='ocrx_word' id='word_1_70' title='bbox 701 1044 795 1101; x_wconf 90' lang='lat' dir='ltr'><strong>barba.</strong></span> 
     </span>
     <span class='ocr_line' id='line_1_12' title="bbox 128 1114 919 1198; baseline 0.005 -23"><span class='ocrx_word' id='word_1_71' title='bbox 128 1161 142 1167; x_wconf 93' lang='lat'>-</span> <span class='ocrx_word' id='word_1_72' title='bbox 201 1119 313 1178; x_wconf 86' lang='lat' dir='ltr'><strong>Aurum</strong></span> <span class='ocrx_word' id='word_1_73' title='bbox 327 1140 393 1178; x_wconf 84' lang='lat' dir='ltr'><strong>vasa</strong></span> <span class='ocrx_word' id='word_1_74' title='bbox 406 1120 511 1178; x_wconf 76' lang='lat' dir='ltr'><strong>Numae</strong></span> <span class='ocrx_word' id='word_1_75' title='bbox 527 1114 715 1196; x_wconf 77' lang='lat' dir='ltr'><strong>Saturniaque</strong></span> <span class='ocrx_word' id='word_1_76' title='bbox 729 1123 841 1198; x_wconf 84' lang='lat' dir='ltr'><strong>impulit</strong></span> <span class='ocrx_word' id='word_1_77' title='bbox 854 1141 919 1194; x_wconf 74' lang='lat' dir='ltr'><strong>arra,</strong></span> 
     </span>
     <span class='ocr_line' id='line_1_13' title="bbox 161 1197 840 1274; baseline 0.006 -20"><span class='ocrx_word' id='word_1_78' title='bbox 161 1197 346 1274; x_wconf 80' lang='lat' dir='ltr'><strong>Vestalesque</strong></span> <span class='ocrx_word' id='word_1_79' title='bbox 357 1219 443 1257; x_wconf 87' lang='lat' dir='ltr'><strong>urnas</strong></span> <span class='ocrx_word' id='word_1_80' title='bbox 456 1211 484 1256; x_wconf 85' lang='lat' dir='ltr'><strong>at</strong></span> <span class='ocrx_word' id='word_1_81' title='bbox 498 1198 629 1256; x_wconf 78' lang='lat' dir='ltr'><strong>Tuscum</strong></span> <span class='ocrx_word' id='word_1_82' title='bbox 643 1199 735 1261; x_wconf 80' lang='lat' dir='ltr'><strong>fictile</strong></span> <span class='ocrx_word' id='word_1_83' title='bbox 743 1211 840 1258; x_wconf 80' lang='lat' dir='ltr'><strong>mutat.</strong></span> 
     </span>
     <span class='ocr_line' id='line_1_14' title="bbox 160 1274 970 1352; baseline 0.001 -21"><span class='ocrx_word' id='word_1_84' title='bbox 160 1274 189 1331; x_wconf 96' lang='grc' dir='ltr'>Ο</span> <span class='ocrx_word' id='word_1_85' title='bbox 203 1281 296 1333; x_wconf 68' lang='lat' dir='ltr'><strong>curvae</strong></span> <span class='ocrx_word' id='word_1_86' title='bbox 310 1277 340 1335; x_wconf 90' lang='lat' dir='ltr'><strong>iu</strong></span> <span class='ocrx_word' id='word_1_87' title='bbox 355 1290 442 1336; x_wconf 89' lang='lat' dir='ltr'><strong>terras</strong></span> <span class='ocrx_word' id='word_1_88' title='bbox 459 1277 571 1352; x_wconf 84' lang='lat' dir='ltr'><strong>auimae,</strong></span> <span class='ocrx_word' id='word_1_89' title='bbox 585 1278 785 1334; x_wconf 76' lang='lat' dir='ltr'><strong>et&#39;coelestium</strong></span> <span class='ocrx_word' id='word_1_90' title='bbox 801 1279 919 1338; x_wconf 85' lang='lat' dir='ltr'><strong>inanesl</strong></span> <span class='ocrx_word' id='word_1_91' title='bbox 967 1329 970 1332; x_wconf 87' lang='lat'>.</span> 
     </span>
     <span class='ocr_line' id='line_1_15' title="bbox 160 1352 984 1430; baseline -0.002 -16"><span class='ocrx_word' id='word_1_92' title='bbox 160 1352 241 1414; x_wconf 80' lang='lat' dir='ltr'><strong>Quid</strong></span> <span class='ocrx_word' id='word_1_93' title='bbox 254 1355 333 1430; x_wconf 83' lang='lat' dir='ltr'><strong>juvat</strong></span> <span class='ocrx_word' id='word_1_94' title='bbox 348 1357 412 1427; x_wconf 90' lang='lat' dir='ltr'><strong>hoc,</strong></span> <span class='ocrx_word' id='word_1_95' title='bbox 427 1355 538 1430; x_wconf 87' lang='lat' dir='ltr'><strong>templis</strong></span> <span class='ocrx_word' id='word_1_96' title='bbox 552 1367 661 1412; x_wconf 89' lang='lat' dir='ltr'><strong>nostros</strong></span> <span class='ocrx_word' id='word_1_97' title='bbox 675 1356 826 1415; x_wconf 86' lang='lat' dir='ltr'><strong>immittere</strong></span> <span class='ocrx_word' id='word_1_98' title='bbox 841 1376 945 1429; x_wconf 87' lang='lat' dir='ltr'><strong>mores,</strong></span> <span class='ocrx_word' id='word_1_99' title='bbox 979 1372 984 1378; x_wconf 80' lang='grc'><strong><em>’</em></strong></span> 
     </span>
     <span class='ocr_line' id='line_1_16' title="bbox 161 1430 855 1510; baseline 0.007 -23"><span class='ocrx_word' id='word_1_100' title='bbox 161 1430 199 1488; x_wconf 82' lang='lat' dir='ltr'><strong>Et</strong></span> <span class='ocrx_word' id='word_1_101' title='bbox 212 1432 287 1488; x_wconf 89' lang='lat' dir='ltr'><strong>bona</strong></span> <span class='ocrx_word' id='word_1_102' title='bbox 297 1431 342 1490; x_wconf 84' lang='lat' dir='ltr'><strong>dis</strong></span> <span class='ocrx_word' id='word_1_103' title='bbox 356 1453 392 1490; x_wconf 85' lang='lat' dir='ltr'><strong>ex</strong></span> <span class='ocrx_word' id='word_1_104' title='bbox 407 1435 461 1490; x_wconf 71' lang='lat' dir='ltr'><strong>hic</strong></span> <span class='ocrx_word' id='word_1_105' title='bbox 475 1432 613 1490; x_wconf 70' lang='lat' dir='ltr'><strong>scelerati</strong></span> <span class='ocrx_word' id='word_1_106' title='bbox 627 1433 733 1491; x_wconf 86' lang='lat' dir='ltr'><strong>ducere</strong></span> <span class='ocrx_word' id='word_1_107' title='bbox 746 1435 855 1510; x_wconf 73' lang='lat' dir='ltr'><strong>pulptl&#39;l</strong></span> 
     </span>
     <span class='ocr_line' id='line_1_17' title="bbox 161 1508 806 1586; baseline 0.009 -22"><span class='ocrx_word' id='word_1_108' title='bbox 161 1508 236 1565; x_wconf 82' lang='lat' dir='ltr'><strong>Haec</strong></span> <span class='ocrx_word' id='word_1_109' title='bbox 249 1511 303 1566; x_wconf 87' lang='lat' dir='ltr'><strong>sibi</strong></span> <span class='ocrx_word' id='word_1_110' title='bbox 317 1521 449 1586; x_wconf 84' lang='lat' dir='ltr'><strong>corrupto</strong></span> <span class='ocrx_word' id='word_1_111' title='bbox 462 1510 567 1566; x_wconf 89' lang='lat' dir='ltr'><strong>casiam</strong></span> <span class='ocrx_word' id='word_1_112' title='bbox 579 1510 705 1568; x_wconf 89' lang='lat' dir='ltr'><strong>dissolvit</strong></span> <span class='ocrx_word' id='word_1_113' title='bbox 717 1512 806 1570; x_wconf 82' lang='lat' dir='ltr'><strong>olivo:</strong></span> 
     </span>
     <span class='ocr_line' id='line_1_18' title="bbox 159 1585 792 1647; baseline 0.003 -3"><span class='ocrx_word' id='word_1_114' title='bbox 159 1585 199 1644; x_wconf 87' lang='lat' dir='ltr'><strong>Et</strong></span> <span class='ocrx_word' id='word_1_115' title='bbox 212 1586 365 1646; x_wconf 90' lang='lat' dir='ltr'><strong>Calabrum</strong></span> <span class='ocrx_word' id='word_1_116' title='bbox 376 1589 452 1646; x_wconf 85' lang='lat' dir='ltr'><strong>coxit</strong></span> <span class='ocrx_word' id='word_1_117' title='bbox 463 1589 558 1646; x_wconf 80' lang='lat' dir='ltr'><strong>vitiato</strong></span> <span class='ocrx_word' id='word_1_118' title='bbox 572 1588 680 1646; x_wconf 83' lang='lat' dir='ltr'><strong>murice</strong></span> <span class='ocrx_word' id='word_1_119' title='bbox 694 1590 792 1647; x_wconf 88' lang='lat' dir='ltr'><strong>vellus.</strong></span> 
     </span>
     <span class='ocr_line' id='line_1_19' title="bbox 161 1664 916 1749; baseline 0.008 -28"><span class='ocrx_word' id='word_1_120' title='bbox 161 1664 234 1722; x_wconf 78' lang='lat' dir='ltr'><strong>Haec</strong></span> <span class='ocrx_word' id='word_1_121' title='bbox 247 1667 366 1724; x_wconf 87' lang='lat' dir='ltr'><strong>baccam</strong></span> <span class='ocrx_word' id='word_1_122' title='bbox 380 1667 498 1726; x_wconf 73' lang='lat' dir='ltr'><strong>conche</strong></span> <span class='ocrx_word' id='word_1_123' title='bbox 511 1667 623 1738; x_wconf 88' lang='lat' dir='ltr'><strong>rasisse,</strong></span> <span class='ocrx_word' id='word_1_124' title='bbox 638 1678 667 1725; x_wconf 88' lang='lat' dir='ltr'><strong>et</strong></span> <span class='ocrx_word' id='word_1_125' title='bbox 679 1668 816 1749; x_wconf 73' lang='lat' dir='ltr'><strong>stringere</strong></span> <span class='ocrx_word' id='word_1_126' title='bbox 830 1687 916 1727; x_wconf 78' lang='lat' dir='ltr'><strong>venas</strong></span> 
     </span>
     <span class='ocr_line' id='line_1_20' title="bbox 160 1743 795 1822; baseline -0.003 -17"><span class='ocrx_word' id='word_1_127' title='bbox 160 1743 308 1805; x_wconf 82' lang='lat' dir='ltr'><strong>Ferventis</strong></span> <span class='ocrx_word' id='word_1_128' title='bbox 321 1764 421 1804; x_wconf 81' lang='lat' dir='ltr'><strong>massae</strong></span> <span class='ocrx_word' id='word_1_129' title='bbox 435 1745 524 1803; x_wconf 90' lang='lat' dir='ltr'><strong>crudo</strong></span> <span class='ocrx_word' id='word_1_130' title='bbox 534 1746 570 1803; x_wconf 90' lang='lat' dir='ltr'><strong>de</strong></span> <span class='ocrx_word' id='word_1_131' title='bbox 583 1745 698 1820; x_wconf 88' lang='lat' dir='ltr'><strong>pulvere</strong></span> <span class='ocrx_word' id='word_1_132' title='bbox 706 1746 795 1822; x_wconf 89' lang='lat' dir='ltr'><strong>jussit</strong></span> 
     </span>
     <span class='ocr_line' id='line_1_21' title="bbox 121 1821 955 1899; baseline 0.007 -21"><span class='ocrx_word' id='word_1_133' title='bbox 121 1855 124 1860; x_wconf 90' lang='lat'>·</span> <span class='ocrx_word' id='word_1_134' title='bbox 160 1821 265 1886; x_wconf 82' lang='lat' dir='ltr'><strong>Peccat</strong></span> <span class='ocrx_word' id='word_1_135' title='bbox 278 1833 308 1880; x_wconf 89' lang='lat' dir='ltr'><strong>et</strong></span> <span class='ocrx_word' id='word_1_136' title='bbox 322 1825 392 1895; x_wconf 86' lang='lat' dir='ltr'><strong>haec,</strong></span> <span class='ocrx_word' id='word_1_137' title='bbox 406 1834 524 1899; x_wconf 83' lang='lat' dir='ltr'><strong>peccat:</strong></span> <span class='ocrx_word' id='word_1_138' title='bbox 546 1823 613 1882; x_wconf 86' lang='lat' dir='ltr'><strong>vitio</strong></span> <span class='ocrx_word' id='word_1_139' title='bbox 626 1836 721 1882; x_wconf 86' lang='lat' dir='ltr'><strong>tamen</strong></span> <span class='ocrx_word' id='word_1_140' title='bbox 736 1825 843 1884; x_wconf 82' lang='lat' dir='ltr'><strong>utitur:</strong></span> <span class='ocrx_word' id='word_1_141' title='bbox 864 1837 893 1884; x_wconf 88' lang='lat' dir='ltr'><strong>at</strong></span> <span class='ocrx_word' id='word_1_142' title='bbox 907 1843 955 1884; x_wconf 79' lang='lat' dir='ltr'><strong>vos</strong></span> 
     </span>
     <span class='ocr_line' id='line_1_22' title="bbox 159 1899 872 1978; baseline 0.007 -22"><span class='ocrx_word' id='word_1_143' title='bbox 159 1899 265 1973; x_wconf 87' lang='lat' dir='ltr'><strong>Dicite,</strong></span> <span class='ocrx_word' id='word_1_144' title='bbox 279 1902 437 1976; x_wconf 75' lang='lat' dir='ltr'><strong>pontiliceS,</strong></span> <span class='ocrx_word' id='word_1_145' title='bbox 451 1903 481 1959; x_wconf 91' lang='lat' dir='ltr'><strong>in</strong></span> <span class='ocrx_word' id='word_1_146' title='bbox 495 1922 575 1960; x_wconf 90' lang='lat' dir='ltr'><strong>sacro</strong></span> <span class='ocrx_word' id='word_1_147' title='bbox 585 1904 654 1978; x_wconf 93' lang='lat' dir='ltr'><strong>quid</strong></span> <span class='ocrx_word' id='word_1_148' title='bbox 668 1903 736 1961; x_wconf 87' lang='lat' dir='ltr'><strong>facit</strong></span> <span class='ocrx_word' id='word_1_149' title='bbox 750 1901 872 1962; x_wconf 74' lang='lat' dir='ltr'><strong>aurumi</strong></span> 
     </span>
     <span class='ocr_line' id='line_1_23' title="bbox 160 1977 949 2058; baseline 0.008 -24"><span class='ocrx_word' id='word_1_150' title='bbox 160 1977 273 2054; x_wconf 86' lang='lat' dir='ltr'><strong>Nempe</strong></span> <span class='ocrx_word' id='word_1_151' title='bbox 288 1981 342 2039; x_wconf 90' lang='lat' dir='ltr'><strong>hoc</strong></span> <span class='ocrx_word' id='word_1_152' title='bbox 351 1981 425 2056; x_wconf 94' lang='lat' dir='ltr'><strong>quod</strong></span> <span class='ocrx_word' id='word_1_153' title='bbox 440 1982 547 2038; x_wconf 86' lang='lat' dir='ltr'><strong>Veneri</strong></span> <span class='ocrx_word' id='word_1_154' title='bbox 562 1981 673 2038; x_wconf 83' lang='lat' dir='ltr'><strong>donatae</strong></span> <span class='ocrx_word' id='word_1_155' title='bbox 688 2001 705 2038; x_wconf 91' lang='lat' dir='ltr'><strong>a</strong></span> <span class='ocrx_word' id='word_1_156' title='bbox 718 1981 827 2057; x_wconf 86' lang='lat' dir='ltr'><strong>virgine</strong></span> <span class='ocrx_word' id='word_1_157' title='bbox 840 2000 949 2058; x_wconf 72' lang='lat' dir='ltr'><strong>puppas.</strong></span> 
     </span>
     <span class='ocr_line' id='line_1_24' title="bbox 158 2056 970 2134; baseline 0.002 -18"><span class='ocrx_word' id='word_1_158' title='bbox 158 2056 241 2116; x_wconf 78' lang='lat' dir='ltr'><strong>Quin</strong></span> <span class='ocrx_word' id='word_1_159' title='bbox 255 2058 355 2115; x_wconf 89' lang='lat' dir='ltr'><strong>damus</strong></span> <span class='ocrx_word' id='word_1_160' title='bbox 369 2059 397 2115; x_wconf 92' lang='lat' dir='ltr'><strong>id</strong></span> <span class='ocrx_word' id='word_1_161' title='bbox 413 2060 538 2134; x_wconf 85' lang='lat' dir='ltr'><strong>Superis,</strong></span> <span class='ocrx_word' id='word_1_162' title='bbox 554 2059 589 2124; x_wconf 90' lang='lat' dir='ltr'><strong>de</strong></span> <span class='ocrx_word' id='word_1_163' title='bbox 604 2061 707 2134; x_wconf 69' lang='lat' dir='ltr'><strong>magna</strong></span> <span class='ocrx_word' id='word_1_164' title='bbox 721 2061 795 2133; x_wconf 92' lang='lat' dir='ltr'><strong>quod</strong></span> <span class='ocrx_word' id='word_1_165' title='bbox 807 2061 970 2124; x_wconf 67' lang='lat' dir='ltr'><strong>dare‘lance</strong></span> 
     </span>
     <span class='ocr_line' id='line_1_25' title="bbox 159 2133 819 2214; baseline 0.006 -23"><span class='ocrx_word' id='word_1_166' title='bbox 159 2133 227 2192; x_wconf 92' lang='lat' dir='ltr'><strong>Non</strong></span> <span class='ocrx_word' id='word_1_167' title='bbox 240 2137 327 2210; x_wconf 89' lang='lat' dir='ltr'><strong>possit</strong></span> <span class='ocrx_word' id='word_1_168' title='bbox 341 2137 437 2212; x_wconf 85' lang='lat' dir='ltr'><strong>magni</strong></span> <span class='ocrx_word' id='word_1_169' title='bbox 451 2137 583 2195; x_wconf 82' lang='lat' dir='ltr'><strong>Messalae</strong></span> <span class='ocrx_word' id='word_1_170' title='bbox 597 2137 673 2212; x_wconf 89' lang='lat' dir='ltr'><strong>lippa</strong></span> <span class='ocrx_word' id='word_1_171' title='bbox 686 2157 819 2214; x_wconf 84' lang='lat' dir='ltr'><strong>propago,</strong></span> 
     </span>
     <span class='ocr_line' id='line_1_26' title="bbox 159 2213 965 2290; baseline 0.004 -20"><span class='ocrx_word' id='word_1_172' title='bbox 159 2213 353 2289; x_wconf 90' lang='lat' dir='ltr'><strong>Compositum</strong></span> <span class='ocrx_word' id='word_1_173' title='bbox 362 2214 409 2289; x_wconf 91' lang='lat' dir='ltr'><strong>jus</strong></span> <span class='ocrx_word' id='word_1_174' title='bbox 423 2215 520 2288; x_wconf 84' lang='lat' dir='ltr'><strong>fasque</strong></span> <span class='ocrx_word' id='word_1_175' title='bbox 533 2215 639 2285; x_wconf 89' lang='lat' dir='ltr'><strong>animo,</strong></span> <span class='ocrx_word' id='word_1_176' title='bbox 653 2227 822 2290; x_wconf 85' lang='lat' dir='ltr'><strong>sanctosque</strong></span> <span class='ocrx_word' id='word_1_177' title='bbox 836 2235 965 2274; x_wconf 88' lang='lat' dir='ltr'><strong>recessus</strong></span> 
     </span>
     <span class='ocr_line' id='line_1_27' title="bbox 159 2289 898 2368; baseline 0.008 -21"><span class='ocrx_word' id='word_1_178' title='bbox 159 2289 277 2364; x_wconf 88' lang='lat' dir='ltr'><strong>Mentis,</strong></span> <span class='ocrx_word' id='word_1_179' title='bbox 291 2303 321 2349; x_wconf 89' lang='lat' dir='ltr'><strong>et</strong></span> <span class='ocrx_word' id='word_1_180' title='bbox 334 2293 478 2350; x_wconf 89' lang='lat' dir='ltr'><strong>incoctum</strong></span> <span class='ocrx_word' id='word_1_181' title='bbox 492 2311 630 2368; x_wconf 85' lang='lat' dir='ltr'><strong>generoso</strong></span> <span class='ocrx_word' id='word_1_182' title='bbox 642 2303 743 2368; x_wconf 85' lang='lat' dir='ltr'><strong>pectus</strong></span> <span class='ocrx_word' id='word_1_183' title='bbox 756 2295 883 2352; x_wconf 90' lang='lat' dir='ltr'><strong>honesto.</strong></span> <span class='ocrx_word' id='word_1_184' title='bbox 894 2361 898 2366; x_wconf 13' lang='lat'>⁸</span> 
     </span>
     <span class='ocr_line' id='line_1_28' title="bbox 159 2369 913 2445; baseline 0.005 -19"><span class='ocrx_word' id='word_1_185' title='bbox 159 2369 233 2426; x_wconf 80' lang='lat' dir='ltr'><strong>Haec</strong></span> <span class='ocrx_word' id='word_1_186' title='bbox 246 2370 318 2427; x_wconf 84' lang='lat' dir='ltr'><strong>cedo</strong></span> <span class='ocrx_word' id='word_1_187' title='bbox 332 2381 363 2428; x_wconf 94' lang='lat' dir='ltr'><strong>ut</strong></span> <span class='ocrx_word' id='word_1_188' title='bbox 377 2371 542 2428; x_wconf 86' lang='lat' dir='ltr'><strong>admoveam</strong></span> <span class='ocrx_word' id='word_1_189' title='bbox 555 2370 677 2445; x_wconf 79' lang='lat' dir='ltr'><strong>templis,</strong></span> <span class='ocrx_word' id='word_1_190' title='bbox 691 2382 720 2428; x_wconf 88' lang='lat' dir='ltr'><strong>et</strong></span> <span class='ocrx_word' id='word_1_191' title='bbox 733 2372 805 2430; x_wconf 77' lang='lat' dir='ltr'><strong>farre</strong></span> <span class='ocrx_word' id='word_1_192' title='bbox 819 2373 913 2432; x_wconf 85' lang='lat' dir='ltr'><strong>litabo.</strong></span> 
     </span>
    </p>
   </div>
   <div class='ocr_carea' id='block_1_3' title="bbox 511 2613 787 2624">
    <p class='ocr_par' dir='ltr' id='par_1_4' title="bbox 511 2613 787 2624">
     <span class='ocr_line' id='line_1_29' title="bbox 511 2613 787 2624; baseline 0 0"><span class='ocrx_word' id='word_1_193' title='bbox 511 2613 787 2624; x_wconf 48' lang='grc' dir='ltr'>..ι-..Ἥ</span> 
     </span>
    </p>
   </div>
   <div class='ocr_carea' id='block_1_4' title="bbox 531 2722 955 2828">
    <p class='ocr_par' dir='ltr' id='par_1_5' title="bbox 531 2722 955 2828">
     <span class='ocr_line' id='line_1_30' title="bbox 531 2722 955 2828; baseline 0 0"><span class='ocrx_word' id='word_1_194' title='bbox 531 2770 688 2828; x_wconf 83' lang='lat' dir='ltr'>SATIRA</span> <span class='ocrx_word' id='word_1_195' title='bbox 709 2770 765 2828; x_wconf 93' lang='lat' dir='ltr'><strong>Ill.</strong></span> <span class='ocrx_word' id='word_1_196' title='bbox 868 2781 873 2788; x_wconf 81' lang='grc'><em>’</em></span> <span class='ocrx_word' id='word_1_197' title='bbox 950 2722 955 2730; x_wconf 30' lang='grc' dir='ltr'>Ι</span> 
     </span>
    </p>
   </div>
   <div class='ocr_carea' id='block_1_5' title="bbox 158 2923 1040 3864">
    <p class='ocr_par' dir='ltr' id='par_1_6' title="bbox 158 2923 1040 3628">
     <span class='ocr_line' id='line_1_31' title="bbox 197 2923 971 3001; baseline 0.004 -20"><span class='ocrx_word' id='word_1_198' title='bbox 197 2923 309 2983; x_wconf 76' lang='lat' dir='ltr'><strong>Nauna</strong></span> <span class='ocrx_word' id='word_1_199' title='bbox 324 2925 378 2982; x_wconf 91' lang='lat' dir='ltr'><strong>hoc</strong></span> <span class='ocrx_word' id='word_1_200' title='bbox 392 2923 526 2983; x_wconf 82' lang='lat' dir='ltr'><strong>assidudl</strong></span> <span class='ocrx_word' id='word_1_201' title='bbox 543 2926 602 3001; x_wconf 86' lang='lat' dir='ltr'><strong>jam</strong></span> <span class='ocrx_word' id='word_1_202' title='bbox 616 2927 722 2984; x_wconf 89' lang='lat' dir='ltr'><strong>clarum</strong></span> <span class='ocrx_word' id='word_1_203' title='bbox 737 2944 821 2984; x_wconf 87' lang='lat' dir='ltr'><strong>mane</strong></span> <span class='ocrx_word' id='word_1_204' title='bbox 836 2927 971 2985; x_wconf 79' lang='lat' dir='ltr'><strong>fenestras</strong></span> 
     </span>
     <span class='ocr_line' id='line_1_32' title="bbox 158 3003 817 3085; baseline 0.003 -25"><span class='ocrx_word' id='word_1_205' title='bbox 158 3003 258 3075; x_wconf 88' lang='lat' dir='ltr'><strong>Intrat,</strong></span> <span class='ocrx_word' id='word_1_206' title='bbox 272 3013 301 3060; x_wconf 88' lang='lat' dir='ltr'><strong>et</strong></span> <span class='ocrx_word' id='word_1_207' title='bbox 315 3013 449 3078; x_wconf 82' lang='lat' dir='ltr'><strong>angustas</strong></span> <span class='ocrx_word' id='word_1_208' title='bbox 463 3004 591 3085; x_wconf 66' lang='lat' dir='ltr'><strong>eptendit</strong></span> <span class='ocrx_word' id='word_1_209' title='bbox 603 3003 710 3061; x_wconf 88' lang='lat' dir='ltr'><strong>lumine</strong></span> <span class='ocrx_word' id='word_1_210' title='bbox 724 3003 817 3062; x_wconf 90' lang='lat' dir='ltr'><strong>rimas.</strong></span> 
     </span>
     <span class='ocr_line' id='line_1_33' title="bbox 159 3080 941 3156; baseline 0 -18"><span class='ocrx_word' id='word_1_211' title='bbox 159 3081 319 3152; x_wconf 77' lang='lat' dir='ltr'><strong>stertimus,</strong></span> <span class='ocrx_word' id='word_1_212' title='bbox 334 3080 501 3146; x_wconf 83' lang='lat' dir='ltr'><strong>indomitum</strong></span> <span class='ocrx_word' id='word_1_213' title='bbox 516 3082 591 3155; x_wconf 91' lang='lat' dir='ltr'><strong>quod</strong></span> <span class='ocrx_word' id='word_1_214' title='bbox 606 3083 773 3156; x_wconf 87' lang='lat' dir='ltr'><strong>despumare</strong></span> <span class='ocrx_word' id='word_1_215' title='bbox 787 3080 941 3138; x_wconf 85' lang='lat' dir='ltr'><strong>Falernum</strong></span> 
     </span>
     <span class='ocr_line' id='line_1_34' title="bbox 158 3159 840 3234; baseline -0.001 -16"><span class='ocrx_word' id='word_1_216' title='bbox 158 3159 297 3231; x_wconf 77' lang='lat' dir='ltr'><strong>Sufficiat,</strong></span> <span class='ocrx_word' id='word_1_217' title='bbox 311 3159 408 3233; x_wconf 73' lang='lat' dir='ltr'><strong>quintal</strong></span> <span class='ocrx_word' id='word_1_218' title='bbox 422 3159 490 3216; x_wconf 89' lang='lat' dir='ltr'><strong>dum</strong></span> <span class='ocrx_word' id='word_1_219' title='bbox 503 3159 579 3217; x_wconf 88' lang='lat' dir='ltr'><strong>linea</strong></span> <span class='ocrx_word' id='word_1_220' title='bbox 593 3160 717 3234; x_wconf 85' lang='lat' dir='ltr'><strong>tangitur</strong></span> <span class='ocrx_word' id='word_1_221' title='bbox 732 3161 840 3218; x_wconf 74' lang='lat' dir='ltr'><strong>umbrat.</strong></span> 
     </span>
     <span class='ocr_line' id='line_1_35' title="bbox 158 3237 877 3314; baseline 0 -18"><span class='ocrx_word' id='word_1_222' title='bbox 158 3239 203 3296; x_wconf 89' lang='lat' dir='ltr'><strong>Eu</strong></span> <span class='ocrx_word' id='word_1_223' title='bbox 217 3239 285 3312; x_wconf 93' lang='lat' dir='ltr'><strong>quid</strong></span> <span class='ocrx_word' id='word_1_224' title='bbox 299 3237 379 3314; x_wconf 82' lang='lat' dir='ltr'><strong>agisl</strong></span> <span class='ocrx_word' id='word_1_225' title='bbox 400 3238 491 3294; x_wconf 85' lang='lat' dir='ltr'><strong>siccas</strong></span> <span class='ocrx_word' id='word_1_226' title='bbox 504 3238 603 3296; x_wconf 87' lang='lat' dir='ltr'><strong>insana</strong></span> <span class='ocrx_word' id='word_1_227' title='bbox 617 3238 756 3296; x_wconf 80' lang='lat' dir='ltr'><strong>Canicula</strong></span> <span class='ocrx_word' id='word_1_228' title='bbox 770 3257 877 3296; x_wconf 85' lang='lat' dir='ltr'><strong>messes</strong></span> 
     </span>
     <span class='ocr_line' id='line_1_36' title="bbox 158 3316 1040 3392; baseline -0.001 -18"><span class='ocrx_word' id='word_1_229' title='bbox 158 3317 222 3374; x_wconf 72' lang='lat' dir='ltr'><strong>,lam</strong></span> <span class='ocrx_word' id='word_1_230' title='bbox 237 3317 345 3375; x_wconf 90' lang='lat' dir='ltr'><strong>dudum</strong></span> <span class='ocrx_word' id='word_1_231' title='bbox 359 3316 463 3390; x_wconf 85' lang='lat' dir='ltr'><strong>coquit,</strong></span> <span class='ocrx_word' id='word_1_232' title='bbox 478 3326 507 3373; x_wconf 89' lang='lat' dir='ltr'><strong>et</strong></span> <span class='ocrx_word' id='word_1_233' title='bbox 519 3317 615 3391; x_wconf 75' lang='lat' dir='ltr'><strong>patuit</strong></span> <span class='ocrx_word' id='word_1_234' title='bbox 628 3335 716 3392; x_wconf 90' lang='lat' dir='ltr'><strong>pecus</strong></span> <span class='ocrx_word' id='word_1_235' title='bbox 729 3337 813 3382; x_wconf 83' lang='lat' dir='ltr'><strong>omne</strong></span> <span class='ocrx_word' id='word_1_236' title='bbox 827 3318 881 3374; x_wconf 86' lang='lat' dir='ltr'><strong>sub</strong></span> <span class='ocrx_word' id='word_1_237' title='bbox 894 3317 972 3376; x_wconf 88' lang='lat' dir='ltr'><strong>ulmo</strong></span> <span class='ocrx_word' id='word_1_238' title='bbox 984 3329 1040 3376; x_wconf 88' lang='lat' dir='ltr'><strong>est:</strong></span> 
     </span>
     <span class='ocr_line' id='line_1_37' title="bbox 158 3393 981 3456; baseline 0 -2"><span class='ocrx_word' id='word_1_239' title='bbox 158 3393 240 3454; x_wconf 84' lang='lat' dir='ltr'><strong>Unus</strong></span> <span class='ocrx_word' id='word_1_240' title='bbox 253 3396 292 3456; x_wconf 90' lang='lat' dir='ltr'><strong>ait</strong></span> <span class='ocrx_word' id='word_1_241' title='bbox 304 3395 449 3454; x_wconf 89' lang='lat' dir='ltr'><strong>comitum.</strong></span> <span class='ocrx_word' id='word_1_242' title='bbox 491 3395 673 3452; x_wconf 85' lang='lat' dir='ltr'><strong>‘Verumnel</strong></span> <span class='ocrx_word' id='word_1_243' title='bbox 694 3395 793 3454; x_wconf 84' lang='lat' dir='ltr'><strong>itanet</strong></span> <span class='ocrx_word' id='word_1_244' title='bbox 812 3394 894 3454; x_wconf 73' lang='lat' dir='ltr'><strong>ocius</strong></span> <span class='ocrx_word' id='word_1_245' title='bbox 908 3396 981 3454; x_wconf 88' lang='lat' dir='ltr'><strong>adsit</strong></span> 
     </span>
     <span class='ocr_line' id='line_1_38' title="bbox 158 3472 885 3549; baseline 0 -17"><span class='ocrx_word' id='word_1_246' title='bbox 158 3473 226 3532; x_wconf 90' lang='lat' dir='ltr'><strong>Huc</strong></span> <span class='ocrx_word' id='word_1_247' title='bbox 241 3474 357 3549; x_wconf 86' lang='lat' dir='ltr'><strong>aliquis!</strong></span> <span class='ocrx_word' id='word_1_248' title='bbox 373 3475 492 3532; x_wconf 84' lang='lat' dir='ltr'><strong>nemon’</strong></span> <span class='ocrx_word' id='word_1_249' title='bbox 502 3474 522 3531; x_wconf 89' lang='lat' dir='ltr'><strong>l&#39;</strong></span> <span class='ocrx_word' id='word_1_250' title='bbox 544 3472 699 3549; x_wconf 79' lang='lat' dir='ltr'><strong>Turgescit</strong></span> <span class='ocrx_word' id='word_1_251' title='bbox 711 3475 798 3532; x_wconf 86' lang='lat' dir='ltr'><strong>vitrea</strong></span> <span class='ocrx_word' id='word_1_252' title='bbox 812 3475 885 3546; x_wconf 87' lang='lat' dir='ltr'><strong>bilis,</strong></span> 
     </span>
     <span class='ocr_line' id='line_1_39' title="bbox 159 3551 869 3628; baseline 0 -18"><span class='ocrx_word' id='word_1_253' title='bbox 159 3551 310 3610; x_wconf 84' lang='lat' dir='ltr'><strong>Finditur:</strong></span> <span class='ocrx_word' id='word_1_254' title='bbox 333 3553 464 3610; x_wconf 81' lang='lat' dir='ltr'><strong>Arcadiae</strong></span> <span class='ocrx_word' id='word_1_255' title='bbox 478 3551 611 3628; x_wconf 89' lang='lat' dir='ltr'><strong>pecuaria</strong></span> <span class='ocrx_word' id='word_1_256' title='bbox 627 3553 728 3610; x_wconf 89' lang='lat' dir='ltr'><strong>rudere</strong></span> <span class='ocrx_word' id='word_1_257' title='bbox 743 3554 851 3610; x_wconf 85' lang='lat' dir='ltr'><strong>credas.</strong></span> <span class='ocrx_word' id='word_1_258' title='bbox 865 3559 869 3563; x_wconf 84' lang='lat'>&#39;</span> 
     </span>
    </p>

    <p class='ocr_par' dir='ltr' id='par_1_7' title="bbox 159 3627 999 3864">
     <span class='ocr_line' id='line_1_40' title="bbox 198 3627 940 3708; baseline 0.004 -24"><span class='ocrx_word' id='word_1_259' title='bbox 198 3627 216 3684; x_wconf 90' lang='lat' dir='ltr'>J</span> <span class='ocrx_word' id='word_1_260' title='bbox 218 3649 263 3690; x_wconf 86' lang='lat' dir='ltr'><strong>aru</strong></span> <span class='ocrx_word' id='word_1_261' title='bbox 278 3629 358 3700; x_wconf 89' lang='lat' dir='ltr'><strong>liber,</strong></span> <span class='ocrx_word' id='word_1_262' title='bbox 371 3643 401 3688; x_wconf 87' lang='lat' dir='ltr'><strong>et</strong></span> <span class='ocrx_word' id='word_1_263' title='bbox 414 3631 520 3688; x_wconf 88' lang='lat' dir='ltr'><strong>bicolor</strong></span> <span class='ocrx_word' id='word_1_264' title='bbox 533 3631 634 3708; x_wconf 86' lang='lat' dir='ltr'><strong>positis-</strong></span> <span class='ocrx_word' id='word_1_265' title='bbox 644 3632 809 3689; x_wconf 91' lang='lat' dir='ltr'><strong>membrana</strong></span> <span class='ocrx_word' id='word_1_266' title='bbox 822 3630 940 3706; x_wconf 89' lang='lat' dir='ltr'><strong>capillis,</strong></span> 
     </span>
     <span class='ocr_line' id='line_1_41' title="bbox 159 3704 881 3784; baseline 0.003 -21"><span class='ocrx_word' id='word_1_267' title='bbox 159 3704 250 3780; x_wconf 84' lang='lat' dir='ltr'><strong>Inque</strong></span> <span class='ocrx_word' id='word_1_268' title='bbox 263 3725 365 3764; x_wconf 83' lang='lat' dir='ltr'><strong>manus</strong></span> <span class='ocrx_word' id='word_1_269' title='bbox 378 3710 483 3772; x_wconf 65' lang='lat' dir='ltr'><strong>chartea</strong></span> <span class='ocrx_word' id='word_1_270' title='bbox 498 3711 660 3784; x_wconf 86' lang='lat' dir='ltr'><strong>nodosaque</strong></span> <span class='ocrx_word' id='word_1_271' title='bbox 675 3711 750 3767; x_wconf 88' lang='lat' dir='ltr'><strong>veuit</strong></span> <span class='ocrx_word' id='word_1_272' title='bbox 764 3709 881 3766; x_wconf 89' lang='lat' dir='ltr'><strong>arundo.</strong></span> 
     </span>
     <span class='ocr_line' id='line_1_42' title="bbox 159 3783 999 3864; baseline 0.004 -24"><span class='ocrx_word' id='word_1_273' title='bbox 159 3783 246 3841; x_wconf 83' lang='lat' dir='ltr'><strong>Tunc</strong></span> <span class='ocrx_word' id='word_1_274' title='bbox 260 3785 394 3858; x_wconf 79' lang='lat' dir='ltr'><strong>queritur,</strong></span> <span class='ocrx_word' id='word_1_275' title='bbox 409 3805 520 3843; x_wconf 85' lang='lat' dir='ltr'><strong>crassus</strong></span> <span class='ocrx_word' id='word_1_276' title='bbox 534 3789 643 3846; x_wconf 83' lang='lat' dir='ltr'><strong>calamo</strong></span> <span class='ocrx_word' id='word_1_277' title='bbox 656 3786 731 3863; x_wconf 86' lang='lat' dir='ltr'><strong>qudd</strong></span> <span class='ocrx_word' id='word_1_278' title='bbox 745 3787 868 3864; x_wconf 86' lang='lat' dir='ltr'><strong>pendeat</strong></span> <span class='ocrx_word' id='word_1_279' title='bbox 882 3787 999 3857; x_wconf 67' lang='lat' dir='ltr'><strong>human</strong></span> 
     </span>
    </p>
   </div>
   <div class='ocr_carea' id='block_1_6' title="bbox 0 0 1312 4186">
    <p class='ocr_par' dir='ltr' id='par_1_8' title="bbox 0 0 1312 4186">
     <span class='ocr_line' id='line_1_43' title="bbox 0 0 1312 4186; baseline 0 0"><span class='ocrx_word' id='word_1_280' title='bbox 0 0 1312 4186; x_wconf 95' lang='lat' dir='ltr'><strong> </strong></span> 
     </span>
    </p>
   </div>
  </div>
 </body>
</html>
