2572 4200
69 316 77 320 ‚
96 231 98 236 '
132 235 176 302 tu
443 233 799 290 annuntiaremus

132 381 204 439 Cras
217 381 294 439 bibet
309 381 428 439 Albanis
442 382 545 457 aliquid
560 383 596 439 de
611 382 763 453 montibus,
778 391 826 440 aut
839 379 875 438 de

133 459 248 530 Setinis,
263 459 343 534 cujus
353 461 472 535 patriam
486 461 652 534 titulumque
666 472 797 530 senectus

131 535 244 594 Delerit
257 537 346 594 multa
357 532 458 594 veteris
472 538 521 594 lirli
538 538 589 594 ine
602 549 680 596 testae
691 551 699 605 3

129 613 225 676 Quale
238 616 364 672 coronati
379 613 506 672 Thrasea
551 609 723 689 elvidiusque
737 609 872 686 bibebant

130 691 281 750 Brutorum
294 707 323 748 et
336 692 581 751 casstnatatibus.
623 693 688 768 Ipse
708 711 827 767 capaces
872 763 875 766 Ι
962 737 966 744 .

130 763 283 826 Heliadum
297 782 415 842 crustas,
429 784 458 828 et
471 770 623 844 inequales
637 769 741 843 beryllo

130 838 214 906 Virro
226 857 304 906 tenet
316 848 442 923 phialas:
464 846 515 906 tibi
529 863 586 906 non
600 848 784 905 committitur
798 863 917 916 aurumt
978 900 980 908 ,

130 918 194 996 Vel,
208 926 232 982 si
245 925 358 1000 quando
371 925 463 996 datur,
478 937 573 994 custos
587 925 686 982 affixus
697 926 814 997 ibidem,-

128 1002 190 1076 Qui
204 1013 333 1060 numeret
346 1021 482 1078 gemmas,
496 1022 661 1079 unguesque
675 1003 802 1060 observet
823 1013 930 1060 acutos.

128 1080 174 1136 Da
186 1080 314 1138 reniam:
336 1081 470 1155 praeclara
483 1079 542 1138 illic
556 1077 740 1137 laudatorias
759 1080 791 1138 ie.

131 1156 207 1214 Nam
220 1156 313 1230 Virro,
328 1170 358 1217 ut
369 1159 459 1229 multi,
473 1173 599 1234 gemmas
614 1159 647 1216 ad
662 1177 716 1232 poc
748 1178 765 1214 a
778 1158 909 1216 transfert

129 1235 157 1292 A
172 1236 278 1311 digitis,
292 1247 361 1310 quas
375 1236 404 1292 in
419 1235 527 1312 vaginae
542 1237 631 1293 sronte
645 1237 752 1293 solebat

128 1311 238 1370 Ponere
253 1313 381 1388 zelotypo
391 1314 502 1388 juvenis
515 1315 647 1389 prelatus
661 1313 775 1370 larbam

129 1386 177 1446 Tu
192 1391 384 1447 Beneventani
399 1391 500 1447 sutoris
515 1409 616 1448 nomen
632 1391 783 1450 habentem

129 1467 257 1524 Siocebis
271 1467 389 1527 calicem
403 1482 534 1526 nasorum
547 1481 674 1542 quatuor,
689 1487 723 1525 ac
740 1469 799 1544 jam

127 1545 311 1615 Quassatam,
323 1557 351 1603 et
364 1557 445 1621 rupto
458 1557 619 1620 poscentem
634 1547 739 1604 sulsura
752 1547 830 1605 vitro.
926 1602 928 1610 .

55 1631 59 1637 '
129 1621 160 1679 Si
171 1625 336 1700 ¹stomachus
350 1619 456 1681 domini
471 1624 559 1682 servet
571 1623 690 1700 vinoque
704 1625 823 1700 ciboque
836 1644 847 1695 ;-

128 1693 177 1757 Fri
199 1699 269 1757 idior
282 1699 392 1758 Geticis
405 1701 507 1778 petitur
521 1702 640 1761 decocta
653 1703 771 1778 pruinis.

197 1795 234 1837 on
247 1779 347 1838 eadem
362 1782 438 1838 robis
452 1782 519 1858 poni
531 1779 616 1840 modd
630 1783 696 1840 vina
708 1782 862 1856 querebar:

128 1858 188 1920 Vos
202 1859 287 1919 aliam
300 1861 402 1938 potatis
415 1881 523 1938 aquam.
565 1861 633 1918 Tibi
647 1861 748 1937 pocula
761 1879 857 1918 cursor

128 1941 257 2000 Gaetulus
271 1941 348 1998 dabit
363 1951 410 1998 aut
422 1941 495 2016 nigri
510 1958 704 2008 manusossea
717 1938 823 2008 Mauri,

128 2017 166 2076 Et
179 2020 226 2077 oui
239 2039 289 2096 per
303 2020 426 2076 mediam
440 2019 512 2076 nolis
525 2037 674 2075 occurrere
689 2029 811 2087 noctem,

129 2097 248 2154 clivosa
263 2097 371 2154 veheris
386 2098 453 2152 dum
467 2115 516 2170 per
529 2107 711 2153 monumenta
724 2094 841 2152 Latine.

129 2173 196 2232 Flos
210 2175 288 2231 Astae
303 2186 368 2230 ante
383 2175 483 2248 ipsum,
497 2175 586 2247 pretio
601 2173 705 2248 majore
718 2184 840 2248 paratus,
891 2187 902 2194 ”

128 2251 227 2314 Quam
242 2253 296 2313 suit
307 2263 336 2308 et
350 2252 429 2308 Tulli
443 2269 545 2311 census
558 2253 706 2326 pugnacula,
720 2263 749 2308 et
763 2249 850 2321 Anci,
895 2288 898 2300 ‹

129 2330 176 2401 Et,
191 2349 227 2386 ne
241 2342 269 2388 te
284 2341 405 2400 teneam,
421 2329 616 2386 Romanorum
630 2331 725 2387 omnia
739 2346 838 2404 regum

129 2407 250 2482 Frivola.
290 2407 379 2468 Quod
393 2425 480 2480 quum
494 2407 533 2462 ita
547 2407 592 2477 sit,
606 2418 636 2462 tu
646 2406 791 2464 Gaetulum
802 2405 998 2480 Ganymedem
1027 2446 1030 2452 ,

129 2485 265 2559 Respice,
276 2504 363 2560 quum
378 2485 462 2542 sities.
503 2485 605 2541 Nescit
618 2494 658 2540 tot
671 2483 796 2540 millibus
809 2494 920 2558 eruptus

129 2563 304 2638 Pauperibus
319 2564 437 2620 miscere
450 2581 536 2636 puer:
558 2562 608 2618 sed
624 2562 721 2632 forma,
736 2562 786 2618 sed
800 2572 869 2618 etas
891 2591 892 2594 ¹

80 2703 83 2712 Ι
129 2641 226 2716 Digna
240 2641 398 2715 supercilio.
438 2639 565 2700 Quando
577 2639 613 2696 ad
628 2651 655 2696 te
669 2639 795 2714 pervenit
809 2639 876 2696 illel

128 2719 256 2788 Quando
269 2730 385 2776 vocatus
400 2719 480 2776 adest
493 2718 593 2775 calida
606 2717 762 2792 gelideque
776 2715 926 2775 ministerl

128 2797 244 2873 Quippe
258 2797 420 2871 indignatur
434 2797 520 2854 veteri
534 2815 631 2871 parere
646 2796 753 2865 clienti,

128 2873 273 2950 Qubdque
288 2875 392 2949 aliquid
406 2893 514 2948 poscas,
529 2884 557 2930 et
570 2870 690 2948 quddse
704 2884 795 2928 stante
809 2869 968 2928 recumbas.
983 2895 986 2900 ¹

130 2951 258 3008 Maxima
270 2970 388 3025 quaeque
402 2951 502 3007 domus
513 2953 600 3006 servis
613 2961 656 3006 est
669 2949 754 3024 plena
767 2949 902 3024 superbis.

169 3029 246 3086 Ecce
261 3029 333 3084 elius
346 3039 450 3103 quanto
463 3027 586 3102 porrexit
598 3045 741 3084 murmure
754 3045 857 3100 panem

130 3108 186 3165 Vix
199 3107 328 3177 fractum,
343 3106 438 3164 solidae
449 3105 507 3180 jam
522 3105 636 3162 mucida
650 3105 736 3161 frusta
750 3104 857 3176 sarinae,

128 3184 205 3244 Qum
219 3185 375 3259 genuinum
390 3185 507 3258 agitent,
521 3201 577 3239 non
593 3181 769 3239 admittentia
782 3179 925 3238 morsum!

130 3263 188 3320 Sed
202 3274 291 3332 tener,
305 3273 334 3318 et
347 3263 455 3333 niveus,
469 3261 600 3335 mollique
614 3259 726 3334 siligine
740 3260 831 3316 sactus

130 3341 262 3398 Servatur
276 3341 409 3397 domino:
431 3339 558 3396 dextram
571 3338 704 3394 cohibere
717 3349 868 3395 memento.

130 3419 217 3475 Salva
229 3419 265 3476 sit
272 3419 397 3494 artocopi
407 3417 571 3477 reverentia.
612 3415 704 3490 Finge
718 3426 814 3472 tamen
827 3427 857 3472 te

130 3495 340 3573 Improbulum;
362 3495 488 3572 superest
502 3493 569 3566 illic,
583 3493 631 3566 qui
644 3511 749 3566 ponere
762 3505 854 3568 cogat.
950 3514 953 3522 “

56 3610 62 3618 -
130 3574 182 3632 Vis
195 3584 225 3630 tu
239 3573 382 3630 consuetis
397 3573 489 3629 audax
502 3572 621 3642 convivo
633 3571 764 3629 canistris

130 3651 255 3726 impleri,
269 3651 405 3725 panisque
419 3651 459 3706 tui
473 3651 584 3708 novisse
597 3649 743 3716 coloreml

130 3729 248 3786 Scilicet
261 3729 316 3786 hoc
330 3729 429 3799 fuerat,
443 3739 554 3804 propter
568 3728 653 3802 quod,
667 3725 743 3804 serpe
757 3727 856 3784 relicti
