2572 4200
562 263 686 315 sarisa
704 266 749 315 Vl.
814 301 817 306 ,

160 406 260 470 Quam
275 419 357 468 cavat
370 406 492 464 assiduis
506 408 635 479 sudibus,
646 421 783 483 scutoque
797 408 920 481 lacessit,

162 485 258 560 Atque
272 505 373 542 omnes
387 486 484 562 implet
498 505 641 558 numeros,
653 487 823 562 dignissima
837 507 950 563 prorsus

162 563 270 621 Florali
284 575 413 621 matrona
426 565 512 633 ruba;
531 565 587 624 ¹uisi
604 565 710 640 siquid
724 565 753 622 in
769 565 823 622 illc·

163 641 283 700 Pectore
294 641 357 718 plus
372 643 469 717 agitat,
484 661 611 718 veraque
626 656 740 719 paratur
754 663 857 701 arente.

162 721 262 782 Quem
275 732 408 795 prestare
419 731 511 796 potest
525 721 626 779 mulier
640 721 751 797 galeata
763 723 910 814 pudorem,

162 798 240 860 Quas
256 799 328 874 sugit
341 818 358 855 a
371 800 462 858 sexul
482 799 555 856 sires
569 811 665 856 amat.-
693 799 767 856 Haec
780 812 876 858 tamen
890 803 951 878 ipsa

164 877 216 934 Vir
231 877 318 935 nollet
331 877 405 934 lieri:
427 879 494 934 nam
507 877 646 968 quantula
658 889 754 936 nostra
768 879 916 955 voluptasl

163 955 261 1018 Quale
275 956 363 1012 decus
377 975 482 1027 rerum,
495 956 519 1011 si
533 956 663 1032 conjugis
678 957 772 1014 auctio
786 957 854 1019 fiatl

164 1034 290 1107 Balteus,
305 1045 334 1091 et
347 1034 478 1107 manicae,
493 1045 522 1090 et
535 1034 627 1091 cristae
631 1035 797 1110 ,crurisque
811 1035 917 1094 sinistri

164 1081 324 1170 Dimidirim
337 1113 482 1191 tegimen3
505 1112 557 1185 vel,
572 1132 597 1184 ιι
589 1080 722 1170 diversa
735 1114 859 1173 movebit

164 1190 280 1263 Proelia,
294 1202 325 1248 tu
340 1182 417 1262 salix,
431 1209 530 1248 ocreas
544 1159 685 1248 veridc'ntc
698 1191 802 1267 puella

167 1269 223 1326 He
237 1281 312 1342 suut,
327 1289 389 1345 quae
404 1269 484 1328 tenui
498 1269 622 1326 sudant'
615 1289 645 1326 ιιι
658 1269 786 1344 cyclade,
799 1289 918 1345 quarum

166 1347 294 1405 Delicias
307 1358 335 1405 et
348 1347 524 1423 panniculus
535 1347 721 1422 bombycinus
735 1348 799 1406 urit.

164 1426 302 1502 Adspice,
316 1445 372 1502 quc
385 1427 498 1483 fremitu
511 1438 679 1484 monstratos
692 1428 814 1502 perferat
827 1427 911 1502 ictus,

164 1506 203 1564 Et
215 1511 320 1580 quantu
332 1505 420 1580 galeae
435 1516 566 1562 curvetur
581 1506 715 1580 pondere,
729 1517 835 1580 quanta

164 1584 322 1660 Pcplitibus
335 1584 431 1640 sedeat
434 1582 543 1672 ‚quarn
554 1583 642 1640 denso
657 1583 744 1641 sascia
758 1584 838 1656 librc,

164 1661 203 1720 Et
216 1663 277 1720 ride
279 1629 449 1738 ,scaphium
462 1662 561 1738 positis
574 1681 661 1751 quum
672 1661 796 1719 sumitur
810 1664 903 1720 armis.

165 1739 261 1798 Dicite
275 1760 334 1812 vos,
348 1759 385 1798 nc
405 1753 448 1797 tes
462 1739 573 1816 Lepidi,
588 1741 693 1798 caecive
708 1740 860 1813 Metelli,

164 1819 293 1896 Gurgitis
308 1830 356 1876 aut
397 1819 453 1874 abii
456 1837 540 1893 ,quae
554 1819 632 1876 ludia
646 1819 798 1902 sumpserit
811 1809 936 1895 unquam
981 1859 986 1870 ·
1081 1889 1085 1894 Ι

165 1895 229 1955 Hos
242 1898 377 1955 habitusl
397 1864 510 1973 quairdo
525 1897 565 1953 ad
575 1897 671 1973 palum
686 1907 781 1987 gemat
796 1917 865 1956 uxor
887 1899 990 1974 Asylit

179 1977 323 2054 Semper
337 1976 422 2033 habet
435 1976 500 2033 lites
513 1975 700 2050 alternaque
689 1975 784 2052 Jurgia
797 1976 898 2048 lectus,

165 2029 200 2111 Ιιι
214 2074 270 2129 quo
280 2067 368 2131 nupta
379 2055 473 2129 jacet:
495 2052 656 2112 minimirm
654 2054 819 2112 dormitur
812 2074 841 2112 ιιι
856 2054 912 2113 illo

165 2132 252 2191 Tunc
266 2133 360 2208 gravis
374 2132 504 2204 illatura,
518 2143 588 2190 tunc
601 2133 671 2190 orba
685 2133 787 2224 tigride
802 2133 888 2209 pejor.

164 2211 266 2272 Quum
280 2179 530 2288 simulat-gemitirs
542 2211 649 2268 occulti
664 2213 780 2270 conscia
793 2211 872 2284 lacti,
949 2257 951 2262 .

164 2291 226 2348 Aut
238 2291 299 2348 odit
311 2309 423 2366 pueros,
439 2302 487 2347 aut
501 2289 567 2346 ficu
580 2290 683 2376 pellice
696 2290 795 2366 plorat,

164 2368 329 2437 Uberibus
320 2389 429 2466 semper
443 2368 601 2443 lacrymis,
600 2387 765 2444 semperque
778 2370 883 2446 paratis

117 2521 119 2526 Ι
164 2446 200 2504 In
215 2448 336 2505 statione
351 2449 413 2526 sual,
429 2457 512 2522 atque
527 2448 758 2523 exspectantibus
771 2448 859 2520 illam,

164 2526 235 2588 Quo
246 2516 361 2602 jubeat
359 2545 474 2585 manare
489 2525 589 2584 modo:
610 2537 641 2584 tu
656 2526 749 2584 credis
763 2546 897 2600 amorem,

164 2602 214 2660 Tu
229 2605 280 2662 tibi
290 2616 360 2662 tunc
374 2623 495 2662 curruca
508 2604 614 2680 places,
629 2604 781 2680 fletumque
795 2605 904 2663 labellis
966 2617 970 2625 ¹
995 2605 1005 2628 ³

164 2681 315 2754 Exsorbes,
329 2703 392 2758 quas
407 2683 511 2757 scripta
524 2693 552 2739 et
565 2694 633 2757 quot
646 2683 754 2740 lecture
769 2683 898 2756 tabellas,

164 2761 197 2822 si
210 2761 262 2820 tibi
277 2761 413 2838 zelotypae
429 2772 590 2836 retegantur
604 2761 858 2818 scriniamoecbrel

165 2841 222 2898 Sed
231 2841 307 2917 J'acet
321 2840 350 2897 iu
364 2839 659 2916 servi'complerribus,
670 2850 719 2898 aut
731 2839 842 2916 equitis.
884 2839 951 2914 Dic,
983 2881 986 2885 -

145 2961 151 2972 .
165 2917 221 2975 Dic
235 2919 369 2994 aliquem,
383 2919 476 2990 sodes,
491 2917 548 2988 hic,
562 2918 754 2991 Quintiliane,
768 2918 911 2977 colorem:

164 2997 334 3054 Haeremus:
356 2997 403 3054 dic
419 2997 486 3074 ipsa.
527 2997 606 3055 Olim
620 3009 803 3070 convenerat,
817 2997 919 3074 inquit,

164 3076 203 3134 Ut
217 3077 326 3134 laceres
339 3087 381 3146 tu,
394 3076 470 3150 quod
484 3076 580 3147 velles,
594 3095 649 3134 nec
663 3096 723 3133 non
736 3096 791 3152 ego
804 3097 917 3152 possem

164 3154 319 3231 Indulgere
334 3155 405 3211 mihi
418 3173 424 3210 ε
446 3154 552 3212 clamas
567 3153 645 3225 licdt,
659 3167 688 3211 ct
701 3172 779 3212 mare
793 3155 865 3214 coelc

164 3234 343 3306 Confundas,
357 3234 442 3290 homo
455 3251 526 3290 sum.
567 3232 650 3290 Nihil
664 3245 707 3290 est
719 3235 856 3291 audacius
867 3234 923 3292 illia

164 3311 339 3388 Deprdnsis:
361 3312 432 3370 iram
446 3323 529 3387 atque
544 3312 653 3370 animos
667 3321 684 3369 'a
697 3311 817 3370 crimine
831 3323 956 3370 sumunt

164 3391 248 3450 Unde
262 3393 324 3449 haec
338 3401 463 3448 monstra
477 3393 582 3462 tamen,
598 3391 640 3448 vcl
654 3409 710 3466 quc
724 3391 763 3447 de
771 3391 848 3449 sonte
850 3390 1011 3466 ,requirisl

164 3471 327 3528 Praestabat
334 3481 428 3546 castas
443 3469 557 3526 humilis
571 3437 683 3526 lortuna
696 3469 827 3526 Latinas

163 3548 331 3620 Quondam,
346 3567 404 3606 nec
419 3535 493 3604 'vitiis
495 3547 634 3622 contingi
648 3567 734 3624 parva
748 3547 879 3604 sinebant

164 3627 258 3686 Tecta
268 3627 347 3684 labor
349 3625 519 3700 ‚somnique
533 3625 641 3698 breves,
654 3638 683 3683 et
697 3624 799 3682 vellere
812 3624 913 3684 Tuscu
1014 3691 1020 3702 ,

163 3707 282 3765 Vexatae
296 3706 430 3780 duraeque
443 3721 555 3774 manus,
568 3722 603 3760 ac
616 3704 761 3779 proximus
774 3703 844 3760 Urbi

164 3783 323 3874 lluuuibul,
338 3793 367 3842 et
379 3793 486 3842 stantes
500 3749 615 3842 collina
628 3793 705 3840 turre
718 3781 819 3841 mariti.

400 3861 446 3920 gs
