2572 4200
137 251 176 310 44
450 247 482 298 D.
500 245 596 298 JUNIl
613 245 808 297 JUVENALIS

136 389 175 448 Ut
188 403 216 449 te
230 391 402 466 conciperet,
416 410 478 465 quae
492 391 632 466 sunguine
647 390 732 464 fulget
747 387 819 457 luli;

136 468 204 526 Non
218 487 280 543 que
294 479 409 525 ventose
422 469 564 525 eonducta
577 469 630 524 sub
644 484 746 542 aggere
759 467 837 524 texit.
948 536 951 540 .

136 547 196 604 Vos
211 545 362 602 humiles
334 547 458 621 ,mquis,
473 545 549 633 vulgi
562 565 626 620 pars
641 545 740 602 ultime
753 544 852 614 nostri,

135 623 269 684 Quorum
283 637 368 680 nemo
383 636 466 698 queat
478 623 597 698 patriam
612 634 767 680 monstrare
781 620 923 695 parentis.
943 668 949 678 .

137 703 193 759 Ast
206 721 260 777 ego
273 702 454 776 Cecropides.
496 701 592 771 Vives,
606 707 634 757 et
648 699 765 774 originis
779 699 871 774 hujus
934 743 935 748 ι

136 779 249 836 Gaudia
261 779 346 869 longa
360 779 450 847 seras;
471 789 565 836 tamen
580 779 638 834 ime
651 777 733 853 plebe
745 777 892 838 Quiritem
1013 831 1016 836 .

137 856 328 914 Facundum
320 857 467 914 rnvenies:
489 856 559 914 solet
572 857 620 913 hic
634 856 786 914 defendere
800 873 901 916 causae
995 881 998 886 ·

136 931 248 992 Nobilis
262 929 378 992 indocti.
420 934 525 992 Veniet
538 935 574 991 de
589 933 671 1022 plebe
685 933 792 1008 togata,

135 1002 219 1073 'Qui
208 1012 280 1088 Juris
293 1014 383 1070 nodos
395 1023 425 1068 et
437 1012 532 1101 legum
543 1013 697 1086 enigmata
710 1011 807 1068 solvat
870 1009 965 1080 x(

125 1089 195 1147 llic
209 1091 278 1165 petit
292 1089 479 1164 Euphraten
469 1091 591 1164 juvenis,
606 1089 761 1163 domitique
775 1086 874 1145 Batavi

63 1200 68 1212 ι
137 1167 277 1225 Custodes
292 1169 408 1242 aquilas,
423 1169 508 1224 armis
522 1167 693 1235 industrius;
715 1178 744 1224 at
756 1178 789 1223 tu
847 1183 849 1189 ’

135 1244 196 1316 Nil,
212 1246 266 1302 nisi
258 1246 464 1334 'Cecropides
479 1257 635 1319 truncoque
646 1211 805 1302 simillimus
819 1241 944 1299 Hermae.

136 1291 223 1380 Nullo
236 1324 339 1398 quippe
353 1323 446 1380 alio
422 1323 512 1379 vincis
526 1323 689 1384 discrimine
691 1321 794 1397 quem
809 1317 886 1395 qubd

136 1399 183 1456 Illi
197 1419 383 1457 marmoreum
399 1411 484 1475 eaput
494 1411 546 1470 est,
561 1411 610 1456 tua
624 1400 691 1456 vivit
705 1400 805 1475 imago.

136 1477 192 1535 Dic
206 1478 286 1548 mihi,
300 1477 479 1534 Teucrorum
490 1445 593 1552 proles,
607 1477 739 1534 animalia
754 1487 834 1540 mute

135 1556 211 1617 Quis
225 1574 362 1632 generosa
375 1566 464 1630 putet,
479 1555 534 1612 nisi
548 1555 651 1612 fortia?
671 1574 773 1630 nempe
788 1553 931 1611 volucrem
947 1592 964 1604 ..

137 1635 186 1691 Sic
200 1635 347 1691 laudamus
361 1647 475 1707 equum,
490 1633 566 1690 facili
581 1633 628 1689 oui
643 1632 763 1708 plurima
776 1633 870 1709 palme

136 1711 248 1784 Fervet,
262 1722 291 1768 et
303 1711 425 1768 exsultat
438 1730 525 1769 rauco
539 1711 654 1768 victoria
668 1710 763 1768 Circo.
852 1747 854 1754 ‹

135 1787 248 1851 Nobilis
262 1789 309 1846 hio
312 1809 502 1864 ,quocunque
517 1789 594 1846 venit
607 1790 643 1846 de
656 1790 794 1864 gramine,
809 1787 892 1863 cujus
990 1784 993 1790 ’

136 1869 221 1926 Clara
236 1869 302 1944 fuga
316 1880 381 1926 ante
395 1869 474 1940 alios,
485 1880 514 1924 et
527 1869 634 1944 primus
648 1869 676 1924 in
692 1887 801 1942 aequore
815 1866 923 1942 pulvis:

137 1947 194 2003 Sed
208 1948 307 2004 venale
320 1966 408 2022 pecus
422 1915 566 2022 Coiythae,
566 1945 725 2035 ¹posteritas
738 1957 767 2003 et

136 2025 263 2100 Hirpini,
278 2025 301 2082 si
315 2045 378 2082 rara
389 2025 462 2100 jugo
475 2024 591 2082 victoria
605 2024 685 2081 sedit.
858 2085 859 2090 ἵ

136 2102 186 2159 Nil
201 2104 239 2160 ibi
253 2103 390 2177 majorum
406 2114 561 2178 respectus,
575 2102 664 2178 gretia
679 2101 758 2158 nulla

136 2179 324 2238 Umbrarum:
347 2181 476 2242 dominos
489 2181 586 2255 pretiis
600 2192 708 2236 mutere
719 2178 855 2254 jubentur

51 2294 56 2305 ·
136 2257 266 2332 Exiguis,
280 2258 399 2332 tritoque
413 2259 529 2314 trahunt
542 2257 666 2332 epiredia
681 2257 754 2314 collo

137 2336 324 2432 segnipedes,
338 2335 474 2411 dignique
488 2335 589 2392 molam
605 2354 714 2392 versare
728 2334 857 2408 Nepotis.

136 2411 225 2490 lilrgd,
239 2425 271 2470 ut
285 2414 418 2470 miremur
432 2424 470 2484 te,
484 2432 541 2470 non
556 2410 751 2488 tua,primi1m
766 2413 871 2487 aliquid
885 2411 932 2485 da,

135 2492 225 2552 Quod
238 2493 342 2566 possim
357 2491 446 2548 titulis
459 2459 585 2548 incidere
599 2503 700 2566 preter
714 2491 845 2563 honores,

134 2569 219 2630 Quos
234 2569 290 2626 illis
304 2570 404 2626 damus
418 2580 446 2626 et
460 2568 590 2626 dedimus
592 2569 716 2644 ,quibus
729 2568 825 2627 omnia
837 2537 936 2626 debes.

176 2647 249 2705 Haec
263 2645 331 2704 satis
345 2647 403 2704 ad
392 2665 537 2724 juvenem,
551 2666 635 2723 quem
649 2647 730 2704 nobis
743 2647 818 2704 sarna
830 2647 984 2722 superbum
1060 2695 1064 2704 .

136 2725 249 2798 Tradit,
264 2738 292 2784 et
306 2726 445 2798 mflaurm,
458 2726 629 2802 plenumque
643 2725 760 2815 Nerone
774 2725 941 2802 propinquo.

136 2803 233 2862 Rarus
247 2805 323 2862 enirn
337 2802 425 2860 sermd
441 2823 541 2860 sensus
555 2799 713 2866 communis
727 2803 756 2860 in
771 2804 819 2862 illd

53 2937 56 2944 .
136 2881 272 2939 Fortuna.
315 2883 372 2938 Sed
386 2893 413 2938 te
425 2900 536 2938 censeri
528 2881 633 2938 laude
644 2891 766 2952 tuorum,

136 2959 266 3032 Pontice,
281 2959 430 3028 noluerim,
447 2958 488 3038 sip
502 2969 534 3014 ut
548 2958 639 3014 nihil'
632 2978 691 3033 rpse
706 2959 806 3014 suturae

137 3037 244 3093 Laudis
259 3055 334 3111 ngas.
376 3024 515 3092 Miserum
529 3047 572 3091 est
585 3035 703 3092 aliorum
718 3033 883 3092 incumbere
897 3033 989 3108 samaa,

136 3113 184 3171 Ne
197 3111 320 3190 collapsa
334 3125 418 3171 ruant
431 3113 579 3170 subductis
592 3123 667 3170 tecta
681 3111 829 3170 columnis.

137 3193 249 3250 Stratus
264 3193 343 3250 humi
356 3193 463 3268 palmes
478 3191 576 3248 viduas
589 3190 730 3248 desiderat
744 3191 843 3247 ulmos.

137 3270 208 3329 Esto
222 3271 314 3333 bouus
326 3270 416 3341 miles,
430 3280 506 3327 tutor
520 3269 620 3340 bonus,
635 3269 738 3326 arbiter
753 3267 829 3326 idem

138 3348 262 3425 Integer.
303 3317 492 3424 Ambigirae
470 3368 494 3404 ει
508 3314 621 3422 quandd
634 3347 757 3404 citabere
771 3347 851 3404 testis

138 3426 315 3502 Incertaeque
330 3428 388 3497 rei3
410 3426 538 3484 Phalaris
551 3423 641 3482 licet'
634 3435 762 3500 imperet,
777 3435 808 3482 ut
821 3425 861 3483 eis

115 3573 117 3579 Ι
138 3505 250 3575 Falsus,
264 3517 294 3562 et
308 3471 422 3564 admdto
436 3505 525 3562 dictet
536 3503 662 3595 perjuria
675 3514 765 3576 tauro,
850 3528 854 3536 ·
888 3561 892 3566 ,

139 3552 290 3640 Summbm
304 3584 389 3640 erede
403 3583 483 3642 nefas
496 3584 620 3642 animam
633 3550 765 3658 preferre
777 3580 889 3657 pudori,

138 3659 177 3718 Et
190 3659 301 3735 propter
315 3662 399 3718 vitam
414 3662 524 3720 vivendi
537 3657 656 3756 perdere
669 3679 779 3720 causas

139 3735 252 3814 Dignus
265 3748 355 3796 morte
368 3740 451 3813 perit,
464 3751 559 3796 ooenet
571 3735 641 3796 lieet
653 3750 746 3798 ostrea
758 3747 875 3795 centum
1082 3737 1122 3796 85
