2572 4200
143 201 194 291 'nh
464 229 501 276 u:
514 225 610 277 suun
627 227 822 299 ruysnxms

155 369 192 426 Ut
205 368 342 444 captatori
356 383 465 429 moveat
480 370 591 434 fastidia
600 369 701 426 'Cosso

153 446 221 505 Non
235 448 335 504 eadem
348 448 406 507 vini
420 461 502 523 atque
516 449 584 519 cibi,
598 457 727 522 torpente
740 445 844 522 palato,

151 525 348 586 Gaudia·—
744 557 747 562 ·

288 663 290 676 ,
351 623 418 662 nam
433 623 496 694 qum
509 613 645 663 cantante
659 601 799 677 voluptas,
824 616 831 628 ·
875 615 878 624 ’

153 681 197 739 Sit
210 679 278 740 licet
291 681 411 738 eximius
423 683 603 752 citharoedus,
617 681 686 737 sitve
701 681 850 752 Seleucus,

156 759 190 817 Et
202 761 304 833 quibus
316 761 416 817 aurati
428 780 489 818 mos
502 771 545 817 est
555 760 665 834 fulgere
679 758 795 816 lacerna
808 760 819 815 l

151 837 232 898 Quid
247 839 342 910 refert,
354 839 449 914 magni
463 839 561 895 sedeat
573 837 629 912 qud
643 847 720 912 parte
733 835 845 908 theatri,

150 914 212 977 Qui
226 917 273 972 vix
286 915 589 974 cornicinesexaudiat
602 926 684 990 atque
698 916 829 973 tubarum

152 993 339 1052 Concentusl
360 995 481 1052 clamore
494 1012 565 1070 opus
575 1005 630 1066 est,
646 1005 677 1050 ut
691 994 793 1059 sentiat
806 992 894 1064 auris,

150 1071 249 1134 Quem
263 1073 338 1130 dicat
351 1074 461 1130 venisse
475 1091 554 1149 puer,
568 1083 635 1147 quot
648 1071 760 1142 nuntiet
773 1071 864 1128 hor'as.

151 1149 290 1208 Praete'rea
306 1152 439 1208 minimus
452 1151 550 1227 gelido·
557 1151 616 1226 jam
630 1167 747 1226 corpore
760 1149 874 1224 sanguis

151 1227 243 1286 Febre
257 1229 331 1285 calet
344 1229 423 1298 solai3
444 1225 610 1286 circumsilit
624 1227 737 1302 agmine
746 1227 825 1284 facto

152 1305 314 1362 Morborum
329 1326 414 1366 omne
428 1326 536 1382 genus:
557 1325 676 1380 quorum
686 1303 844 1378 'siquomina
857 1321 976 1379 quaeras,

151 1382 312 1458 Promptiirs
325 1386 483 1458 expediam,
497 1395 563 1458 quot
577 1383 712 1440 amaverit
725 1382 831 1458 Hippia
844 1383 970 1440 moechos
1054 1401 1057 1408 ¹
1073 1389 1081 1414 ⁸

150 1460 232 1520 Quot
244 1461 402 1518 Themison
417 1481 506 1537 aegros
520 1473 656 1518 autumno
669 1461 806 1518 occiderit
819 1477 887 1533 uno,-

150 1538 231 1599 Quot
245 1539 358 1596 Basilus
371 1541 472 1610 socios,
487 1551 554 1614 quot
567 1539 819 1613 circumscripserit
834 1539 939 1596 Hirrus

151 1615 276 1691 Pupillos
287 1636 374 1686 ;--·

162 1725 163 1730 ¹
382 1693 476 1768 citihs,
490 1707 557 1770 quot
571 1696 649 1753 rillas
661 1694 803 1770 possideat
816 1714 905 1768 nunc,

150 1770 220 1833 Quo
231 1774 368 1830 tondente
382 1771 474 1850 gravis
486 1774 581 1850 juveni
596 1774 665 1830 mihi
680 1774 765 1829 barba
779 1774 903 1830 sonabat
987 1807 989 1812 s
1011 1807 1015 1814 ι

151 1849 204 1906 Ille
218 1852 344 1923 humero,
359 1853 405 1909 hic
420 1852 532 1924 lumbis,
547 1852 591 1908 his
604 1851 675 1910 coxd
689 1851 800 1922 debilis,
815 1851 914 1909 ambos

116 1960 125 1975 ·
151 1928 277 1990 Perdidit
291 1929 337 1986 ille
350 1931 456 2001 oculos,
470 1942 497 1988 et
511 1931 602 1988 luscis
610 1931 717 1986 invidet
729 1949 735 1986 :
757 1930 840 2004 hujus

150 2005 260 2064 Pallida
272 2007 350 2064 labra
363 2009 459 2066 cibum
474 2009 617 2084 accipiunt
630 2008 727 2084 digitis
740 2008 848 2064 alienis.
914 2009 915 2012 ’

150 2082 216 2158 lpse
231 2086 264 2140 ad
280 2097 462 2161 conspectum
475 2099 565 2142 ooenae'
579 2087 713 2144 diducere
728 2087 830 2144 rictum

152 2162 339 2240 Suetus-hiat
352 2163 472 2235 tantum,
486 2183 539 2220 ceu
553 2164 647 2238 pullus
661 2164 830 2235 hirundinis,
844 2164 979 2238 adquam

150 2237 210 2295 Ore
222 2240 294 2297 volat
307 2241 392 2316 pleno
406 2253 494 2298 mater
506 2241 620 2316 jejuna„
654 2242 710 2298 Sed
725 2243 802 2300 omni

149 2315 344 2375 Membrorum
358 2320 462 2376 damno
476 2319 562 2394 major
577 2320 729 2390 dementia,
743 2333 810 2393 quae·
820 2339 883 2376 nec-

150 2393 275 2451 Nomina
289 2413 442 2467 servorum,
456 2416 510 2454 nec
525 2397 631 2453 vultum
646 2399 774 2472 agnoscit
788 2398 883 2470 amici,

150 2469 226 2528 Cum
239 2491 294 2551 quo
308 2475 449 2549 preteriti
463 2475 584 2532 caenavit
597 2485 699 2550 nocte;
720 2494 774 2532 nec
788 2475 860 2546 illos,

149 2547 232 2608 Quos
245 2553 354 2624 genuit,
368 2571 438 2627 quos
451 2553 554 2610 eduxit.
597 2552 673 2610 Nam
686 2553 788 2610 codice
801 2573 876 2610 saevo

68 2629 72 2634 ’
150 2625 289 2685 Haeredes
302 2641 377 2687 vetat
389 2649 452 2688 esse
466 2646 547 2699 suos;
569 2631 645 2688 bona
658 2643 715 2688 tota
730 2631 857 2689 seruntur

150 2706 198 2762 Ad
212 2704 349 2766 Phialen:
369 2707 479 2767 tantiam
494 2709 609 2768 artificis
624 2710 697 2766 valet
710 2709 813 2766 halitus
826 2709 893 2781 oris,

149 2782 237 2843 Quod
252 2795 366 2844 steterat
380 2788 475 2844 multis
489 2788 518 2845 in
533 2807 648 2847 carcere
662 2788 777 2845 fornicis
791 2788 882 2845 annis.

149 2861 188 2918 Ut
201 2863 313 2936 vigeant
323 2877 426 2922 sensus
439 2867 536 2936 animi,
551 2866 682 2922 ducenda
696 2877 789 2922 tamen
803 2876 869 2924 sunt

149 2936 263 2996 Funera
276 2951 416 3012 natorum,
430 2961 515 3017 rogus
528 2943 727 3017 adspiciendus
736 2954 841 3018 ,amatae

149 3015 286 3091 conjugis
300 3029 329 3075 et
342 3019 443 3089 fratris,
454 3019 602 3094 pleneque
614 3021 754 3079 sororibus
767 3038 855 3076 nme.

150 3093 223 3151 Haec
236 3095 301 3152 data
313 3115 398 3171 poena
412 3093 461 3154 diu
477 3098 643 3168 viventibus,
654 3107 697 3169 ut,
711 3097 844 3156 renovatd

150 3171 269 3247 Semper
283 3174 363 3232 clade
377 3175 487 3246 domita,
501 3176 596 3233 multis
610 3176 638 3233 in
653 3173 786 3246 luctibus,
801 3176 901 3250 inque'

149 3249 290 3326 Perpetuo
304 3271 431 3323 maerore,
445 3263 474 3310 et
487 3253 570 3328 nigri
583 3265 660 3310 veste
678 3265 836 3312 senescant

149 3325 217 3386 Rex
230 3328 337 3404 Pylius,
352 3350 455 3406 magno
468 3331 491 3396 si
505 3332 657 3405 quidquam
669 3332 761 3389 credis
776 3331 913 3405 Homero,

149 3405 318 3482 Exemplum
333 3409 396 3466 vitae
411 3410 463 3466 fuit
476 3429 493 3466 a
506 3410 620 3466 comice
631 3411 774 3466 secundae.

150 3483 232 3541 Felix
246 3486 389 3559 nimirum,
403 3488 451 3562 qui
465 3499 505 3547 tot
518 3507 566 3562 per
580 3488 685 3544 saecula
698 3499 816 3546 mortem

149 3561 275 3634 Distulit,
290 3577 373 3639 atque
387 3585 453 3622 suos
463 3567 522 3641 jam
536 3565 634 3622 deaut
647 3578 791 3642 computat
804 3585 903 3638 annos,

149 3638 266 3713 Quique
280 3661 384 3699 novum
397 3645 483 3700 toties
493 3653 616 3701 mustum
631 3644 709 3701 bibit.
749 3645 820 3716 Oro,
833 3661 982 3720 parumper

150 3715 300 3790 Attendas,
314 3719 451 3795 quantum
464 3723 500 3778 de
513 3721 625 3798 legibus
639 3723 698 3798 ipse
711 3732 842 3798 queratur
