2572 4200
589 279 712 328 SATIRA
730 277 764 328 ll.

86 479 90 490 ,
185 421 348 491 infremuit,
364 421 445 478 rubet
458 421 578 492 auditor,
593 420 641 478 oui
655 419 757 494 frigida
770 437 851 476 meus
864 426 908 476 est

179 500 367 570 Criminibus,
386 497 472 557 tacitri
486 500 589 556 sudant
602 499 758 573 praecordia
771 495 864 572 oulpd.

184 573 256 634 Inde
273 578 332 648 irae,
346 587 375 633 et
388 577 527 650 lacrymas.
555 575 683 632 Tecum
697 573 776 650 priris
789 571 858 650 ergo
870 573 967 634 voluta

183 656 257 712 Haec
272 656 367 712 animo
381 667 447 712 ante
460 654 558 710 tubas:
579 653 721 728 galeatum
736 650 799 718 sard
815 652 902 712 duelli
1115 648 1171 708 tto

184 733 315 790 Poenitet.
356 732 503 806 Experiar,
515 731 585 805 quid
600 731 774 790 concedatur
790 732 820 788 in
834 730 908 801 illos,

183 811 315 873 Quorum
330 808 473 868 Flaminia
486 809 590 894 tegitur
603 809 676 866 oinir
690 821 774 884 atqua
788 808 900 868 Latiut.
984 863 987 869 ,
1032 879 1094 906 »-

576 1121 731 1182 SATIRA
753 1120 794 1178 ΙΙ.

224 1279 330 1336 Urunt
344 1277 525 1336 Sauromatas
539 1279 636 1354 sugere
650 1277 718 1338 hino
731 1279 801 1336 libet
815 1289 843 1336 et
856 1277 1005 1354 glacialem
1088 1319 1093 1334 ,

186 1358 348 1427 Oceanum,
361 1358 472 1434 quoties
481 1357 589 1430 aliquid
605 1358 642 1413 de
655 1357 780 1414 moribus
795 1357 911 1428 audent,

185 1436 247 1498 Qui
262 1434 364 1493 Curios
377 1435 518 1506 simulant,
533 1445 561 1492 et
574 1435 764 1494 Bacchanalia
778 1436 882 1493 vivunt.

186 1511 299 1570 Indooti
312 1511 455 1587 primhm;
475 1531 636 1587 quanquam
649 1513 733 1588 plena
747 1514 842 1574 omnia
856 1531 943 1588 gypso

186 1591 336 1666 Chrysippi
351 1591 485 1648 invenias.
514 1591 591 1648 Nam
604 1591 825 1666 perfectissimus
839 1593 938 1654 horum
951 1601 1004 1662 est,

188 1670 219 1727 si
233 1669 296 1742 quis
309 1669 492 1726 Aristotelem
505 1669 625 1726 similem
640 1669 682 1724 vol
698 1669 827 1727 Pittacon
841 1670 919 1740 emit,

186 1746 224 1804 Et
234 1747 315 1822 jubet
329 1747 494 1822 archetypos
506 1747 632 1824 pluteum
648 1767 758 1804 servare
770 1748 932 1806 Cleanthas.
973 1767 978 1776 ·

187 1823 286 1896 Fronti
301 1825 379 1882 nulla
392 1825 470 1882 fides.
510 1825 587 1886 Quis
600 1825 677 1882 enim
691 1845 749 1882 non
763 1827 844 1884 vicus
856 1825 983 1885 abundat

188 1901 332 1959 Tristibus
344 1903 505 1975 obscoenisl
547 1903 677 1977 Castigas
691 1904 843 1978 turpial-
885 1974 890 1980 ,

186 1979 356 2054 loripedem
369 1992 463 2040 rectus
477 1981 612 2050 derideat,
628 1981 790 2055 AEthiopem
805 1981 893 2038 albus.

180 2058 262 2122 finis
276 2058 371 2114 tulerit
383 2059 530 2116 Gracchos
545 2059 581 2114 de
595 2059 733 2115 seditione
747 2060 922 2132 quarentes-l

186 2137 263 2197 Quis
276 2135 379 2192 coelum
394 2137 475 2196 terris
484 2157 541 2194 non
556 2138 682 2208 misceat,
697 2148 726 2194 et
738 2156 816 2194 mare
830 2137 913 2212 coelo,

188 2215 220 2270 Si
234 2214 277 2270 fur
291 2214 438 2288 displiceat
453 2216 555 2273 Verrii
576 2216 718 2276 homicida
732 2214 854 2276 Milonit

186 2292 304 2350 Clodius
317 2304 432 2349 accuset
445 2294 589 2350 moechosl
611 2361 615 2369 ,
630 2293 752 2350 Catilina
766 2293 946 2370 Cethegum-l

186 2370 221 2426 In
236 2371 360 2427 tabulam
376 2371 462 2428 Sulla
476 2372 499 2428 si
514 2372 611 2428 dicant
624 2372 754 2446 discipuli
769 2373 842 2428 tresl

184 2449 289 2510 Qualis
303 2459 363 2504 erat
376 2467 465 2524 nuper
479 2449 586 2583 belgico
599 2449 721 2524 pollutus
735 2450 843 2512 adulter

186 2525 360 2596 Concubitu,
374 2527 422 2600 qui
436 2539 504 2583 tunc
529 2545 596 2602 eges
609 2527 758 2586 revocabat
769 2547 882 2602 samaras·

186 2605 337 2676 Omnibus,
352 2616 434 2678 atque
449 2605 515 2680 ipsis
530 2605 635 2664 Veneri
651 2604 791 2680 Martique
805 2606 995 2666 timendas-

186 2682 293 2740 Nonne
308 2681 393 2756 igitur
404 2683 466 2758 jure
481 2703 515 2740 ac
529 2685 629 2740 merito
643 2685 709 2743 vitia
723 2685 821 2742 ultima
834 2684 917 2742 fictos

187 2761 382 2818 Contemnunt
398 2759 531 2832 Scauros,
545 2774 574 2818 et
588 2761 724 2836 castigata
738 2762 924 2818 remordenti

226 2838 293 2895 Non
308 2837 371 2895 tulit
384 2857 420 2912 aa
434 2839 487 2896 illis
502 2851 609 2896 torvum
624 2839 771 2896 Lauronia
783 2837 926 2914 quendam

188 2916 366 2974 Clamantem
379 2917 478 2973 toties:
500 2917 555 2974 Ubi
569 2935 647 2975 nunc
660 2918 706 2975 lex
719 2915 816 2974 Juliat
837 2915 962 2976 dormiat

188 2996 235 3052 Ad
249 3013 334 3069 quem
348 2993 498 3052 subridens
510 3014 516 3050 :
528 2995 648 3053 Felicia
661 3007 796 3072 tempora,
811 3014 873 3071 quae
886 3006 914 3054 te

188 3071 317 3130 Moribus
330 3075 489 3148 opponunt!
513 3073 626 3132 Habeat
636 3075 695 3150 jam
710 3075 805 3148 Roma
817 3075 954 3150 pudorem
964 3074 978 3132 Ι“

188 3150 304 3208 Tertius
318 3171 335 3210 a
349 3151 420 3207 coelo
434 3152 539 3209 cecidit
552 3152 632 3210 Cato.
675 3154 733 3210 Sed
747 3165 842 3211 tamen
857 3153 935 3209 unde

165 3297 170 3301 Ι
188 3229 261 3291 Haec
275 3229 356 3300 emis,
372 3228 479 3289 hirsuto
493 3231 600 3305 spirant
611 3231 791 3306 opobalsama
804 3231 877 3288 collo

187 3308 263 3369 Quae
277 3307 348 3364 tibit
389 3305 417 3362 N
420 3327 436 3363 e
450 3310 554 3381 pudeat
568 3309 714 3372 dominum
728 3321 883 3368 monstrare
897 3306 1031 3366 taberne.

187 3383 277 3448 Quod
291 3385 315 3442 si
329 3397 464 3442 vexantur
478 3389 556 3462 leges
570 3407 604 3444 ac
616 3389 689 3464 jura,
703 3389 784 3446 citari

188 3465 265 3522 Ante
279 3482 379 3521 omnes
393 3464 478 3521 debet
492 3466 627 3524 Scatinia.
669 3466 794 3540 Respice
807 3460 941 3541 primhm,

145 3591 148 3597 .
188 3541 226 3600 Et
239 3552 366 3599 scrutare
379 3543 469 3599 viros:
491 3543 599 3599 faciunt
614 3544 643 3600 hi
656 3544 755 3617 plura}
776 3543 826 3598 sed
840 3542 902 3597 illos
1129 3531 1173 3592 8⁰

188 3619 326 3678 Defendit
339 3638 484 3690 numerus,
496 3619 658 3695 junctaeque
673 3621 794 3678 umbone
808 3617 972 3692 phalanges.
1010 3676 1015 3686 ‚

190 3697 297 3774 Magna
310 3698 384 3756 in'ter
398 3699 496 3756 molles
509 3699 684 3771 concordia.¹
710 3697 778 3755 Nou
791 3696 844 3755 erit
858 3694 947 3754 ullum
1028 3725 1032 3730 v

188 3777 358 3854 Exemplum
373 3777 402 3834 in
413 3788 509 3910 npptro
522 3786 580 3844 tam
593 3775 758 3856 detestabile
771 3793 890 3834 sexu.-
