2572 4200
321 539 380 615 n.
420 536 597 617 Junrr
634 489 992 614 roverius

400 749 402 756 ,
470 867 473 874 γ
498 823 503 831 .
576 795 740 846 domums

474 994 845 1130 sicininum

457 1270 461 1276 '
513 1269 618 1320 LIBER
633 1269 804 1327 QUARTUS.

550 1696 708 1761 sirmi
729 1693 767 1760 x.
818 1749 821 1756 ,
851 1655 856 1664 ’
919 1665 925 1680 “

209 1857 353 1918 Orruraus
367 1857 397 1915 in
412 1858 505 1931 terris,
519 1877 583 1934 quae
598 1870 666 1917 sunt
679 1878 697 1916 a
709 1857 840 1916 Gadibus
853 1875 943 1934 usque

172 1935 313 1996 Auroram
327 1947 357 1994 et
368 1936 503 2014 Gangen,
515 1937 600 2013 pauci
614 1936 783 2012 dignoscere
796 1946 915 2012 possunt
987 1965 989 1980 =

171 2015 247 2074 Vera
258 2017 332 2074 bona
345 2026 428 2090 atque
442 2015 496 2073 illis
510 2012 631 2074 multirm
646 2015 766 2086 diversa,
781 2015 888 2076 remoti
911 2089 914 2097 Ι

171 2093 282 2167 Erroris
295 2093 408 2153 nebulai.
449 2093 531 2154 Quid
545 2093 622 2151 enim
637 2095 745 2152 ratione
760 2093 901 2166 timemus,

171 2172 231 2230 Aut
244 2173 394 2249 cupimusl
413 2171 480 2246 quid
494 2183 551 2230 tam
567 2173 665 2236 dextro
679 2172 751 2248 pede
765 2172 903 2249 concipis,
917 2183 949 2231 ut
961 2182 990 2230 tc

116 2301 118 2305 .
171 2249 299 2310 Conatiu
312 2270 369 2308 nou
383 2250 528 2325 peniteat,
541 2251 654 2325 votique
667 2251 797 2327 peractil
833 2313 839 2325 ,

170 2327 306 2386 Evertdre
320 2330 418 2386 domos
431 2339 513 2401 totas,
527 2329 691 2404 optantibus
705 2328 783 2404 ipsis,

170 2405 209 2463 Di
224 2407 329 2465 faciles.
371 2405 511 2464 Nocitura
524 2408 601 2484 logi,
616 2408 747 2465 nocitura
760 2419 894 2485 petuntur

171 2484 283 2543 Militis.
325 2483 453 2542 Torrens
466 2485 581 2542 dicendi
596 2487 678 2562 copia
690 2487 796 2559 multis,

170 2562 208 2620 Et
221 2574 273 2622 sua
287 2563 430 2621 mortifera
442 2575 485 2621 est
499 2563 641 2622 facundia.
689 2565 806 2623 Viribus
820 2565 866 2624 ille

171 2643 304 2700 Confisus
317 2641 400 2718 periit
415 2641 642 2716 admirandisque
656 2643 777 2700 lacertis.

57 2777 61 2794 ι
171 2721 229 2778 sed
243 2722 336 2798 plures
350 2719 439 2776 nimii
453 2733 588 2796 congesta
601 2719 724 2796 pecunia
737 2721 807 2778 curi

171 2799 344 2875 strangulat,
358 2811 387 2856 et
400 2809 504 2855 cuncta
517 2817 690 2876 exsuperans
703 2798 872 2875 patrimonia
885 2819 1001 2875 census,

170 2877 289 2938 Quanto
302 2876 443 2954 delphinis
459 2877 568 2935 baloena
582 2877 749 2936 Britannica
761 2879 860 2955 major.

170 2955 362 3032 Temporibus
376 2956 444 3012 diris
458 2955 552 3032 igitur,
564 2957 699 3033 jussuque
714 2957 848 3032 Neronis,

171 3034 332 3112 Longinum
346 3044 375 3090 et
389 3053 507 3110 magnos
522 3037 640 3101 senece
654 3037 808 3112 praedivitis
821 3038 918 3096 hortos

171 3113 290 3185 Clausit,
306 3124 336 3170 et
349 3111 480 3189 egregias
493 3113 699 3172 Lateranorum
715 3116 827 3176 obsidet
841 3116 918 3174 ades

171 3192 248 3249 Tota
260 3192 378 3250 cohors:
399 3211 479 3248 rarus
492 3193 569 3251 venit
582 3194 611 3251 in
627 3195 777 3253 coenacula
786 3195 875 3253 miles.

170 3269 269 3327 Pauca
283 3267 352 3328 licet
365 3281 459 3346 portes
473 3273 583 3349 argenti
597 3274 713 3332 vascula
725 3273 798 3350 puri,

170 3347 265 3407 Nocte
280 3349 332 3407 iter
347 3349 492 3425 ingressus
504 3352 631 3426 gladium
645 3365 819 3428 contumque
832 3347 960 3424 timebis‚'

170 3425 208 3485 Et
219 3438 302 3486 note
315 3427 352 3486 ad
366 3428 464 3485 lunam
477 3428 630 3505 trepidabis
644 3430 792 3488 arundinis
805 3431 954 3488 umbram:

171 3505 306 3564 Cantabit
320 3525 534 3564 vacuus·coram
548 3507 655 3565 latrone
670 3509 766 3567 viator.

171 3584 267 3643 Prima
282 3583 340 3642 ferd
356 3595 419 3642 vota
432 3595 462 3641 et
474 3585 587 3642 cunctis
600 3587 748 3644 notissima
762 3585 875 3662 templis

170 3661 300 3733 Divitiae3
323 3674 453 3721 crescant
466 3672 589 3739 nopes,
604 3674 635 3720 ut
647 3664 772 3722 maxima
785 3675 844 3722 toto

170 3742 277 3802 Nostra
290 3742 327 3801 sit
341 3760 407 3800 arca
421 3743 488 3802 foro.
515 3743 587 3857 'Sed
602 3743 681 3800 nulla
697 3742 810 3800 aconita
823 3743 958 3804 bibuntur
