2572 4200
543 237 668 286 surum
685 237 731 285 ιν.
1099 241 1135 300 15

150 378 254 438 Dicere
268 378 292 436 si
306 389 398 437 tentes
411 378 527 453 aliquid,
542 379 678 436 tacitusve
694 379 820 450 recedas,

150 458 337 516 Tantundem
350 466 410 527 est3
432 455 536 514 feriunt
548 457 652 532 pariter
665 476 671 514 :
693 457 853 514 vadimonia
866 457 970 516 deinde
1076 459 1135 518 280

150 536 218 594 Irati
234 536 349 594 faciunt.
391 523 519 592 Libertas
531 536 663 611 pauperis
677 537 739 592 haec
752 546 813 592 est:

150 615 282 672 Pulsatus
295 621 384 689 rogat,
399 623 427 670 et
441 614 544 689 pugnis
559 614 693 672 concisus
706 615 812 686 adorat,

150 692 189 751 Ut
202 693 288 750 liceat
302 692 401 769 paucis
416 711 481 749 cum
496 692 631 749 dentibus
647 693 714 749 inde
728 691 838 750 reverti.

189 769 254 828 Nec
268 782 363 828 tamen
378 770 439 826 lucc
453 767 564 827 tantum
579 781 707 829 metuas:
728 789 804 842 narn,
818 771 867 845 qui
880 770 980 846 spoliet
990 782 1029 844 te,
1111 803 1114 807 .

151 849 218 907 Non
232 849 331 922 deerit,
347 847 450 907 clausis
464 847 603 920 domibus,
617 860 764 924 postquam
778 849 871 906 omnis
883 849 987 925 ubique
1076 850 1136 908 285

150 928 222 986 Fixa
235 939 372 985 catenatae
387 927 463 984 siluit
476 945 614 1002 compago
627 927 760 990 tabernae.

150 1005 299 1064 Interdum
311 1017 341 1063 et
355 1006 428 1063 ferro
442 1006 551 1062 subitus
564 1017 703 1080 grassator
718 1007 777 1081 agit
789 1025 859 1078 reru,

150 1085 270 1142 Armate
283 1085 393 1159 quoties
408 1094 476 1141 tutae
490 1085 606 1140 custode
620 1095 752 1140 tenentur

150 1161 189 1220 Et
203 1164 334 1220 Pomtina
346 1162 428 1238 palus
441 1172 470 1219 et
482 1162 638 1218 Gallinaria
651 1163 742 1236 pinus.

151 1241 201 1301 Sic
215 1242 281 1298 inde
296 1242 352 1298 huc
365 1260 473 1311 omnes,
488 1252 621 1314 tanquam
636 1241 671 1297 ad
686 1241 798 1311 vivaria,
813 1251 938 1299 currunt.
1077 1241 1136 1300 290

149 1319 219 1382 Qut
234 1320 346 1377 fornace
360 1337 468 1393 graves,
482 1319 538 1392 qud
552 1337 610 1376 non
624 1319 728 1376 incude
743 1321 872 1376 catenael
922 1379 924 1385 ,

150 1399 293 1455 Maximus
307 1399 337 1454 in
351 1397 450 1454 vinclis
464 1396 528 1453 ferri
542 1397 652 1468 modus,
667 1409 698 1454 ut
710 1397 820 1468 timeus,
834 1417 872 1456 ne

150 1473 256 1534 Volner
269 1476 393 1546 deliciet,
407 1495 443 1532 ne
459 1489 557 1532 marrae
570 1487 599 1532 et
613 1477 723 1532 sarcula
737 1477 839 1532 desint.

152 1554 266 1612 Felices
279 1572 444 1629 proavorum
460 1566 564 1624 statue,
578 1554 670 1610 felicia
684 1554 763 1610 dicas

151 1634 272 1705 Saecula,
287 1651 350 1707 quas
363 1633 505 1707 quondam
520 1633 573 1688 sub
587 1632 700 1708 regibus
714 1643 797 1706 atque
810 1633 932 1690 tribunis
1076 1633 1136 1692 296
1200 1657 1204 1665 ¹

144 1712 292 1770 Viderunt
304 1731 362 1768 uno
375 1721 535 1783 contentam
550 1729 665 1767 carcere
679 1710 812 1768 Romam.

173 1795 176 1800 '
190 1790 245 1847 His
259 1790 329 1847 alias
341 1799 466 1864 poteram
481 1801 510 1846 et
523 1789 617 1864 plures
630 1790 798 1846 subnectere
813 1809 932 1846 causas:

152 1868 211 1925 Sed
222 1869 349 1944 jumenta
362 1878 474 1938 vocant,
487 1877 516 1924 et
529 1867 570 1923 sol
584 1867 721 1923 inclinat:
742 1868 869 1924 eundum
884 1879 943 1938 est3

151 1945 228 2004 Nam
242 1947 312 2004 mihi
326 1945 467 2004 commoti
478 1944 646 2020 jamdudum
661 1945 748 2002 mulio
762 1945 840 2020 virga

151 2025 271 2082 Annuit.
312 2022 390 2100 Ergo
403 2024 464 2081 vale
479 2025 566 2081 nostri
581 2041 697 2094 mernor,
712 2033 749 2095 et,
764 2023 912 2097 quotieste
1077 2024 1137 2082 300

152 2103 247 2161 Roma
259 2115 308 2160 tuo
317 2101 399 2162 retici
413 2113 608 2178 properantem
623 2102 723 2160 reddet
737 2102 862 2175 Aquino,

152 2181 202 2238 Me
216 2199 325 2256 quoque
340 2181 375 2237 ad
390 2181 541 2238 Helvinam
557 2180 692 2237 Cererem
706 2193 881 2254 vestramque
894 2179 1018 2238 Dianam

151 2260 287 2318 Convelle
300 2279 318 2316 a
330 2258 439 2316 Cumis.
482 2259 637 2316 Satirarum
651 2277 715 2334 ego,
729 2258 759 2316 ni
773 2260 860 2334 pudet
874 2258 944 2331 illas,

152 2337 273 2415 Adjutor
286 2337 397 2414 gelidos
410 2337 521 2394 veniam
535 2337 674 2412 caligatus
688 2338 717 2394 in
732 2355 821 2418 agros.

525 2613 683 2673 sturae
704 2613 781 2692 nr.⁴
885 2648 889 2654 -

191 2735 273 2792 Ecce
289 2735 389 2792 iterum
404 2733 568 2808 Crispinus!
591 2743 619 2788 et
633 2744 676 2788 est
690 2731 759 2789 milri
773 2729 849 2806 erepti
863 2732 1007 2790 vocandus

152 2813 200 2871 Ad
215 2824 318 2890 partes,
332 2823 488 2869 monstrum
503 2811 581 2867 nullu
597 2810 698 2867 virtute
711 2810 889 2890 redemptum

152 2892 180 2949 A
196 2892 278 2964 vitiis,
293 2910 377 2967 aegcr,
391 2891 505 2965 solaque
519 2887 636 2946 libidine
650 2889 779 2946 fortis.—

150 2969 232 3031 Quid
246 2971 331 3027 refert
344 2969 438 3045 igitur,
453 2969 565 3043 quantis
576 2967 705 3044 jumenta
718 2966 817 3042 fatiget

150 3047 335 3108 Porticibus‘l
352 3048 458 3121 quantit
471 3064 619 3104 nemorum
633 3055 758 3102 vectetur
771 3046 802 3102 in
816 3046 937 3123 uffi‘dl
1118 3046 1139 3104 5

151 3123 257 3202 Jugera
270 3137 338 3200 quot
349 3126 441 3183 vicina
455 3125 523 3194 foro,
537 3143 607 3198 quas
620 3123 720 3180 emerit
734 3124 850 3194 ardesl’*
864 3140 892 3161 φ’
1000 3127 1001 3132 ’

151 3203 246 3262 Nemo
260 3205 350 3262 malus
364 3203 448 3272 felix3
470 3200 588 3259 minime
603 3213 758 3277 corruptor,
769 3214 798 3259 et
812 3203 889 3259 iderti

121 3313 128 3320 ·
151 3282 293 3354 Incestus,
308 3301 374 3338 curn
388 3300 444 3356 quo
459 3300 549 3356 nuper
562 3281 660 3338 vittata
671 3281 794 3354 jacebat,

152 3361 300 3438 Sanguine
315 3361 410 3417 adlruc
423 3361 485 3417 vivo
499 3369 602 3416 terram
617 3359 753 3429 subitura,
767 3359 907 3416 sacerdos.

151 3439 210 3496 Sed
224 3458 303 3496 nunc
316 3439 352 3495 de
367 3439 448 3496 factis
462 3437 631 3494 levioribus:
655 3447 792 3493 ettamen
806 3437 875 3492 alter
990 3506 996 3514 ι
1103 3431 1139 3488 lu

151 3517 183 3574 Si
198 3517 312 3574 lecisset
325 3517 412 3586 idem,
426 3515 542 3572 caderet
555 3514 608 3569 sub
620 3514 716 3588 judice
730 3531 848 3569 morum.

150 3593 228 3652 Nam
242 3596 317 3670 quod
331 3604 414 3670 turpe
428 3593 519 3663 bonis,
533 3591 613 3647 Titio
629 3592 761 3665 Seioque,
776 3590 896 3649 decebat

150 3673 324 3751 Crispinum.
364 3671 445 3734 Quid
461 3687 538 3745 agas,
553 3685 640 3742 quum
655 3670 716 3725 dira
729 3679 758 3725 et
772 3667 870 3725 soedior
883 3666 961 3726 omni

150 3751 278 3810 Crimine
290 3768 412 3828 persona
421 3749 489 3806 estl
531 3746 652 3804 Mullum
666 3765 716 3802 sex
729 3745 942 3819 millibusemit,
