2572 4200
538 245 663 295 SATIRA
681 245 756 294 vm.

152 387 299 460 Gaurana,
307 398 343 451 et
355 385 452 445 Cosmi
466 395 526 446 toto
540 365 683 477 mergatur
697 391 780 445 adno.

154 466 327 542 Exspectata
341 463 390 524 did
404 467 521 524 tandem
534 466 681 556 provincia
695 482 784 540 quum
799 475 828 523 te

153 545 311 604 Rectorem
324 544 456 619 accipiet,
469 560 543 634 pone
557 545 606 601 ire
621 544 708 601 frena
723 536 905 634 modumque,

154 623 232 682 Pone
245 632 276 681 et
289 623 439 691 avarities
451 623 584 680 miserere
598 622 745 697 inopum
729 623 879 680 sociorum.

153 702 230 760 Ossa
240 698 323 759 vides
336 719 436 776 regum
451 700 549 757 vacuis
562 710 679 758 exsucta
692 700 833 758 medullis
1098 701 1142 762 90

154 779 291 856 Respice,
305 778 374 854 quid
388 788 523 836 moneant
536 778 624 855 leges,
638 778 705 852 quid
719 779 800 835 curia
813 779 939 852 mandet,

154 857 276 916 Praemia
289 868 395 932 quanta
408 857 498 916 bonos
511 865 655 927 maneant,
669 854 756 930 qudm
771 855 911 915 fulmine
899 866 999 934 yusto

155 936 193 995 Et
206 936 309 1012 Capito
322 947 351 994 et
364 933 500 992 Numitor
513 935 632 1006 ruerint,
647 901 801 994 damnante
815 946 927 1008 senatu,

154 1013 258 1072 Piratoe
272 1013 406 1072 Cilicum.
448 1013 506 1070 Sed
520 1013 588 1087 quid
602 1013 747 1070 damnatio
760 1013 880 1086 confert,

154 1093 256 1154 Quum
269 1091 364 1150 Pansa
376 1091 486 1168 eripiat,
500 1091 637 1182 quidquid
651 1091 702 1148 tibi
717 1090 806 1149 Natta
820 1091 957 1168 reliquitl
1102 1091 1142 1150 95

155 1169 322 1228 Praeconem
324 1170 507 1246 ,Chaerippe,
520 1169 577 1228 tuis
592 1169 781 1260 circumspice
793 1171 906 1245 pannis,

155 1247 174 1304 J
176 1267 277 1323 amque
291 1258 363 1308 tace.
404 1247 496 1306 Furor
509 1257 553 1305 est
565 1257 629 1324 post
641 1249 738 1306 omnia
750 1249 870 1323 perdere
883 1249 1010 1308 naulum.

156 1327 223 1385 Non
237 1327 314 1384 idem
326 1326 450 1402 gemitus
462 1326 530 1384 olim
533 1345 648 1401 ,neque
664 1325 766 1384 vulnus
780 1336 841 1385 erat
854 1347 942 1405 par

156 1405 342 1477 Damnorum,
358 1425 389 1462 so
408 1423 442 1461 ns
455 1373 621 1462 tiorerltibus
634 1415 663 1460 et
676 1402 760 1463 modo
775 1405 929 1470 victis.

155 1483 245 1541 Plena
258 1484 359 1540 domus
334 1405 442 1540 edric
455 1483 558 1554 omnis,
572 1493 602 1540 et
615 1483 717 1558 ingens
731 1483 822 1540 stabat
836 1501 955 1542 acervus

155 1557 347 1618 Nummorum
349 1561 510 1636 ,Spartana
522 1528 659 1636 chlamys,
670 1561 822 1636 conchylia
835 1562 906 1635 Coa,

156 1639 274 1697 Etcum
287 1638 430 1697 Parrhasii
441 1639 582 1696 tabalis'
561 1639 705 1714 signisque
719 1639 848 1714 Myronis

156 1717 324 1775 Phidiacum
338 1717 456 1774 vivebat
460 1717 540 1789 ebur,
554 1735 680 1775 necnon
695 1717 829 1792 Polycleti
937 1777 940 1782 Δ

60 1835 63 1840 -
156 1793 266 1852 Multus
279 1795 383 1870 ubique
396 1795 492 1853 labor:
514 1813 584 1853 rare
598 1795 805 1860 sineMentore
819 1813 934 1854 monere.

44 1945 46 1952 Α
157 1870 230 1930 Ιιιιιὲ
245 1872 625 1946 Dolabellaestatque'hinc
639 1873 792 1944 Antonius,
806 1873 874 1930 inde

157 1951 321 2027 Sacrilegus
333 1950 457 2008 Verres:
477 1951 638 2008 referebant
650 1950 772 2007 navibus
785 1949 848 2007 altis

156 2028 280 2086 Occulta
293 2028 390 2118 spolia,
404 2039 433 2086 et
446 2028 540 2104 plures
554 2029 589 2084 de
603 2044 674 2103 pace
688 2028 853 2112 triumphos

156 2105 267 2164 Nunc
259 2107 342 2164 sociis
353 2106 422 2184 juga
434 2125 526 2182 pauca
539 2105 624 2164 boum
627 2125 717 2182 ,grex
730 2123 832 2182 parvus
844 2119 990 2182 equarum,

157 2184 195 2242 Ει
207 2195 287 2260 pater
301 2185 419 2242 armenti
433 2195 516 2274 capto
529 2184 662 2259 eripiatur
676 2185 785 2275 agello;

13 2263 16 2270 '
62 2295 66 2304 ·
157 2262 216 2340 Ipsi
229 2262 333 2320 deinde
346 2263 444 2334 Lares,
458 2262 569 2337 siquod
583 2263 771 2338 spectabile
749 2281 872 2360 sigrium,

157 2341 266 2418 Siquis
280 2341 309 2398 in
324 2309 444 2397 aedioulu'
458 2339 529 2397 dens
542 2341 654 2398 unicus.
696 2340 770 2398 Haec
783 2341 889 2399 e'tenim
903 2351 970 2398 sunt

158 2419 214 2478 Pro
227 2418 362 2476 summis.
383 2437 449 2475 nam
464 2428 530 2476 sunt
544 2419 606 2476 haec
619 2420 752 2476 maxima
793 2419 986 2496 Despiciastu

157 2498 289 2558 Forsitan
302 2495 429 2554 imbelles
442 2497 573 2554 Rhodios
575 2509 768 2588 ,unctamque
780 2497 956 2556 Corinthon:

156 2574 305 2651 Despicias
318 2571 428 2633 meritd.
467 2574 550 2637 Quid
564 2576 687 2634 resinata
696 2575 839 2651 juventus,

156 2653 303 2728 Cruraque
316 2655 401 2712 totius
414 2653 520 2710 facient
533 2653 584 2711 tibi
598 2654 670 2710 levia
684 2654 799 2728 gentisl
877 2687 878 2690 =

157 2727 282 2790 Horrida
296 2732 410 2789 vitanda
422 2741 466 2789 est
480 2730 630 2806 Hispania,
644 2731 773 2790 Gallicus
786 2731 856 2803 axis,

157 2809 358 2898 Illyricumque
371 2810 465 2868 latus:
485 2827 569 2885 parce
579 2819 610 2866 et
622 2797 793 2866 messoribus
806 2809 872 2890 illis,

157 2889 219 2950 Qui
232 2887 359 2946 satu'rant
371 2889 480 2959 urbem,
495 2887 581 2945 Circo
594 2904 743 2963 scenaque
757 2855 914 2946 vocantem.

156 2965 275 3029 Quanta
285 2976 380 3023 autem
394 2966 461 3022 inde
477 2966 548 3023 feres
562 2977 620 3024 tom
634 2965 702 3024 dire
716 2967 832 3056 praemia
842 2965 944 3042 culpat,

156 3045 258 3107 Quum
271 3055 371 3102 tenues
384 3061 474 3134 nuper
488 3043 598 3101 illarius
611 3043 777 3102 discinxerit
789 3045 897 3104 Afrosl
1085 3045 1141 3106 12⁰

156 3121 345 3180 Curandum
338 3121 489 3211 inprimis,
503 3140 539 3179 ne
553 3141 657 3198 magna
659 3122 772 3217 injuria
785 3123 834 3182 liat

103 3269 105 3276 y
157 3200 289 3258 Fortibus
302 3211 331 3258 et
343 3219 462 3258 mrserrs
503 3199 604 3258 'l'ollas
615 3197 685 3257 hcet
697 3217 782 3258 omne
784 3201 880 3277 ,quod
894 3217 1014 3278 usquam
1027 3212 1072 3258 ost
1145 3255 1149 3264 ,

157 3279 231 3336 Auri
244 3289 327 3354 atque
342 3278 470 3353 argenti3
493 3288 603 3335 scutum
618 3247 799 3354 gladiumque
813 3279 965 3356 relinques,

156 3356 195 3415 Et
204 3357 301 3433 jacula
313 3367 341 3414 et
354 3356 483 3432 galeam:
504 3356 629 3432 spoliatis
642 3375 721 3413 arma
733 3367 892 3446 supersunt

156 3435 244 3497 Quod
258 3432 344 3492 modd
357 3433 499 3510 proposui,
512 3453 569 3493 non
583 3433 797 3492 ests'ententia:
818 3432 917 3493 verbm
1085 3433 1141 3492 125
1243 3471 1246 3477 -

157 3511 283 3586 Credite,
296 3531 343 3570 me
356 3511 435 3569 vobis
449 3511 546 3568 lolium
559 3513 677 3570 recitare
689 3511 843 3586 sibyllos

158 3591 190 3648 Si
205 3591 256 3649 tibi
270 3601 370 3648 sancta
383 3590 484 3648 cohors
497 3589 643 3662 comitum,
659 3589 682 3646 si
696 3607 781 3646 nemo
795 3588 919 3648 tribunal

157 3669 266 3727 Vendit
279 3670 496 3738 Aoerseoomes,
511 3667 535 3724 si
543 3668 656 3724 'nullum
672 3669 702 3724 in
716 3666 838 3743 conjuge
851 3668 971 3742 crimen,

158 3745 223 3806 Nec
235 3766 286 3826 per
300 3758 459 3805 conventus
472 3756 501 3804 et
514 3756 619 3804 cuncta
632 3763 682 3822 per
692 3744 797 3821 oppida
809 3746 903 3806 curvis
