<?xml version="1.0" encoding="UTF-8"?>
<!DOCTYPE html PUBLIC "-//W3C//DTD XHTML 1.0 Transitional//EN"
    "http://www.w3.org/TR/xhtml1/DTD/xhtml1-transitional.dtd">
<html xmlns="http://www.w3.org/1999/xhtml" xml:lang="en" lang="en">
 <head>
  <title>
</title>
<meta http-equiv="Content-Type" content="text/html;charset=utf-8" />
  <meta name='ocr-system' content='tesseract 3.04.00' />
  <meta name='ocr-capabilities' content='ocr_page ocr_carea ocr_par ocr_line ocrx_word'/>
</head>
<body>
  <div class='ocr_page' id='page_1' title='image "./decimijuniijuve01levegoog_0049.png"; bbox 0 0 2572 4200; ppageno 0'>
   <div class='ocr_carea' id='block_1_1' title="bbox 558 239 773 305">
    <p class='ocr_par' dir='ltr' id='par_1_1' title="bbox 558 239 773 305">
     <span class='ocr_line' id='line_1_1' title="bbox 558 239 773 305; baseline 0 -9"><span class='ocrx_word' id='word_1_1' title='bbox 558 241 681 305; x_wconf 55' lang='lat' dir='ltr'><strong>baillet</strong></span> <span class='ocrx_word' id='word_1_2' title='bbox 699 239 773 296; x_wconf 77' lang='lat' dir='ltr'><strong>vrit.</strong></span> 
     </span>
    </p>
   </div>
   <div class='ocr_carea' id='block_1_2' title="bbox 448 378 913 553">
    <p class='ocr_par' dir='ltr' id='par_1_2' title="bbox 448 378 913 553">
     <span class='ocr_line' id='line_1_2' title="bbox 448 378 913 553; baseline 0 -27"><span class='ocrx_word' id='word_1_3' title='bbox 448 547 451 552; x_wconf 10' lang='grc' dir='ltr'><strong>Δ</strong></span> <span class='ocrx_word' id='word_1_4' title='bbox 529 467 686 553; x_wconf 74' lang='lat' dir='ltr'><strong>samaa</strong></span> <span class='ocrx_word' id='word_1_5' title='bbox 709 464 795 526; x_wconf 87' lang='lat' dir='ltr'><strong>vm.</strong></span> <span class='ocrx_word' id='word_1_6' title='bbox 878 378 913 496; x_wconf 56' lang='lat' dir='ltr'><strong>l</strong></span> 
     </span>
    </p>
   </div>
   <div class='ocr_carea' id='block_1_3' title="bbox 214 591 1063 702">
    <p class='ocr_par' dir='ltr' id='par_1_3' title="bbox 214 591 1063 702">
     <span class='ocr_line' id='line_1_3' title="bbox 214 591 1063 702; baseline 0 -20"><span class='ocrx_word' id='word_1_7' title='bbox 214 618 386 682; x_wconf 78' lang='lat' dir='ltr'><strong>Srammara</strong></span> <span class='ocrx_word' id='word_1_8' title='bbox 399 623 466 698; x_wconf 89' lang='lat' dir='ltr'><strong>qnid</strong></span> <span class='ocrx_word' id='word_1_9' title='bbox 482 591 599 694; x_wconf 78' lang='lat' dir='ltr'><strong>faciunt,</strong></span> <span class='ocrx_word' id='word_1_10' title='bbox 613 623 681 698; x_wconf 87' lang='lat' dir='ltr'><strong>quid</strong></span> <span class='ocrx_word' id='word_1_11' title='bbox 696 622 818 700; x_wconf 84' lang='lat' dir='ltr'><strong>prodest,</strong></span> <span class='ocrx_word' id='word_1_12' title='bbox 833 626 963 698; x_wconf 86' lang='lat' dir='ltr'><strong>Pontice,</strong></span> <span class='ocrx_word' id='word_1_13' title='bbox 976 625 1063 702; x_wconf 81' lang='lat' dir='ltr'><strong>longo</strong></span> 
     </span>
    </p>
   </div>
   <div class='ocr_carea' id='block_1_4' title="bbox 62 699 883 779">
    <p class='ocr_par' dir='ltr' id='par_1_4' title="bbox 62 699 883 779">
     <span class='ocr_line' id='line_1_4' title="bbox 62 699 883 779; baseline -0.004 -17"><span class='ocrx_word' id='word_1_14' title='bbox 62 755 66 762; x_wconf 92' lang='lat'>.</span> <span class='ocrx_word' id='word_1_15' title='bbox 98 771 101 777; x_wconf 24' lang='lat'><strong>⁴</strong></span> <span class='ocrx_word' id='word_1_16' title='bbox 175 699 322 779; x_wconf 81' lang='lat' dir='ltr'><strong>Sanguine</strong></span> <span class='ocrx_word' id='word_1_17' title='bbox 336 701 456 773; x_wconf 83' lang='lat' dir='ltr'><strong>censeri,</strong></span> <span class='ocrx_word' id='word_1_18' title='bbox 470 701 616 776; x_wconf 86' lang='lat' dir='ltr'><strong>pictosque</strong></span> <span class='ocrx_word' id='word_1_19' title='bbox 626 703 775 759; x_wconf 72' lang='lat' dir='ltr'>ostendere</span> <span class='ocrx_word' id='word_1_20' title='bbox 790 704 883 761; x_wconf 75' lang='lat' dir='ltr'><strong>vultus</strong></span> 
     </span>
    </p>
   </div>
   <div class='ocr_carea' id='block_1_5' title="bbox 139 771 1076 3826">
    <p class='ocr_par' dir='ltr' id='par_1_5' title="bbox 139 771 1066 3584">
     <span class='ocr_line' id='line_1_5' title="bbox 174 771 871 856; baseline 0 -17"><span class='ocrx_word' id='word_1_21' title='bbox 174 775 326 856; x_wconf 89' lang='lat' dir='ltr'><strong>Majorum,</strong></span> <span class='ocrx_word' id='word_1_22' title='bbox 341 789 371 836; x_wconf 85' lang='lat' dir='ltr'><strong>et</strong></span> <span class='ocrx_word' id='word_1_23' title='bbox 384 789 491 848; x_wconf 80' lang='lat' dir='ltr'><strong>stantes</strong></span> <span class='ocrx_word' id='word_1_24' title='bbox 504 780 533 836; x_wconf 87' lang='lat' dir='ltr'><strong>in</strong></span> <span class='ocrx_word' id='word_1_25' title='bbox 548 781 677 836; x_wconf 85' lang='lat' dir='ltr'><strong>curribus</strong></span> <span class='ocrx_word' id='word_1_26' title='bbox 692 771 871 854; x_wconf 74' lang='lat' dir='ltr'><strong>AEmiliatros,</strong></span> 
     </span>
     <span class='ocr_line' id='line_1_6' title="bbox 175 855 1027 933; baseline -0.001 -16"><span class='ocrx_word' id='word_1_27' title='bbox 175 858 214 917; x_wconf 85' lang='lat' dir='ltr'><strong>Et</strong></span> <span class='ocrx_word' id='word_1_28' title='bbox 227 857 330 915; x_wconf 83' lang='lat' dir='ltr'><strong>Curios</strong></span> <span class='ocrx_word' id='word_1_29' title='bbox 341 858 399 933; x_wconf 88' lang='lat' dir='ltr'><strong>jam</strong></span> <span class='ocrx_word' id='word_1_30' title='bbox 414 855 555 928; x_wconf 79' lang='lat' dir='ltr'><strong>dimidios,</strong></span> <span class='ocrx_word' id='word_1_31' title='bbox 570 859 758 932; x_wconf 83' lang='lat' dir='ltr'>humerosque</span> <span class='ocrx_word' id='word_1_32' title='bbox 769 861 906 918; x_wconf 84' lang='lat' dir='ltr'><strong>minorem</strong></span> <span class='ocrx_word' id='word_1_33' title='bbox 955 857 958 865; x_wconf 65' lang='lat'><em>&#39;</em></span> <span class='ocrx_word' id='word_1_34' title='bbox 1021 917 1027 928; x_wconf 78' lang='grc'><strong>,</strong></span> 
     </span>
     <span class='ocr_line' id='line_1_7' title="bbox 173 935 1066 1010; baseline 0.002 -16"><span class='ocrx_word' id='word_1_35' title='bbox 173 937 339 1007; x_wconf 80' lang='lat' dir='ltr'><strong>Corvinum,</strong></span> <span class='ocrx_word' id='word_1_36' title='bbox 353 946 382 992; x_wconf 89' lang='lat' dir='ltr'><strong>et</strong></span> <span class='ocrx_word' id='word_1_37' title='bbox 396 935 515 992; x_wconf 83' lang='lat' dir='ltr'>Galbam</span> <span class='ocrx_word' id='word_1_38' title='bbox 530 935 664 996; x_wconf 77' lang='lat' dir='ltr'><strong>auriculis</strong></span> <span class='ocrx_word' id='word_1_39' title='bbox 678 955 801 1010; x_wconf 80' lang='lat' dir='ltr'>nasoque</span> <span class='ocrx_word' id='word_1_40' title='bbox 815 939 980 995; x_wconf 85' lang='lat' dir='ltr'><strong>carenteml</strong></span> <span class='ocrx_word' id='word_1_41' title='bbox 1064 959 1066 963; x_wconf 91' lang='lat'>·</span> 
     </span>
     <span class='ocr_line' id='line_1_8' title="bbox 148 1013 842 1090; baseline 0.001 -19"><span class='ocrx_word' id='word_1_42' title='bbox 148 1078 152 1084; x_wconf 88' lang='lat'><em>.</em></span> <span class='ocrx_word' id='word_1_43' title='bbox 171 1015 249 1077; x_wconf 79' lang='lat' dir='ltr'><strong>Quis</strong></span> <span class='ocrx_word' id='word_1_44' title='bbox 264 1014 372 1070; x_wconf 86' lang='lat' dir='ltr'><strong>fructus</strong></span> <span class='ocrx_word' id='word_1_45' title='bbox 385 1013 498 1088; x_wconf 87' lang='lat' dir='ltr'><strong>generis</strong></span> <span class='ocrx_word' id='word_1_46' title='bbox 512 1014 611 1070; x_wconf 69' lang='lat' dir='ltr'><strong>tabula</strong></span> <span class='ocrx_word' id='word_1_47' title='bbox 622 1013 729 1088; x_wconf 77' lang='lat' dir='ltr'><strong>jactare</strong></span> <span class='ocrx_word' id='word_1_48' title='bbox 743 1016 842 1090; x_wconf 80' lang='lat' dir='ltr'><strong>capaci</strong></span> 
     </span>
     <span class='ocr_line' id='line_1_9' title="bbox 173 1085 845 1168; baseline -0.001 -18"><span class='ocrx_word' id='word_1_49' title='bbox 173 1092 338 1162; x_wconf 86' lang='lat' dir='ltr'><strong>Corvinum,</strong></span> <span class='ocrx_word' id='word_1_50' title='bbox 352 1092 470 1166; x_wconf 85' lang='lat' dir='ltr'><strong>posthac</strong></span> <span class='ocrx_word' id='word_1_51' title='bbox 484 1091 573 1147; x_wconf 70' lang='lat' dir='ltr'><strong>multa</strong></span> <span class='ocrx_word' id='word_1_52' title='bbox 586 1085 751 1167; x_wconf 79' lang='lat' dir='ltr'><strong>contingere</strong></span> <span class='ocrx_word' id='word_1_53' title='bbox 765 1093 845 1168; x_wconf 74' lang='lat' dir='ltr'><strong>virgb</strong></span> 
     </span>
     <span class='ocr_line' id='line_1_10' title="bbox 139 1166 856 1244; baseline 0.001 -17"><span class='ocrx_word' id='word_1_54' title='bbox 139 1202 142 1208; x_wconf 95' lang='lat'>·</span> <span class='ocrx_word' id='word_1_55' title='bbox 174 1168 313 1227; x_wconf 75' lang='lat' dir='ltr'><strong>Fumosos</strong></span> <span class='ocrx_word' id='word_1_56' title='bbox 326 1170 452 1243; x_wconf 89' lang='lat' dir='ltr'><strong>equitum</strong></span> <span class='ocrx_word' id='word_1_57' title='bbox 467 1187 533 1226; x_wconf 94' lang='lat' dir='ltr'><strong>cnm</strong></span> <span class='ocrx_word' id='word_1_58' title='bbox 548 1169 684 1226; x_wconf 80' lang='lat' dir='ltr'><strong>dictatore</strong></span> <span class='ocrx_word' id='word_1_59' title='bbox 699 1166 856 1244; x_wconf 74' lang='lat' dir='ltr'><strong>magistrat,</strong></span> 
     </span>
     <span class='ocr_line' id='line_1_11' title="bbox 174 1245 900 1325; baseline 0.004 -20"><span class='ocrx_word' id='word_1_60' title='bbox 174 1248 206 1305; x_wconf 82' lang='lat' dir='ltr'><strong>Si</strong></span> <span class='ocrx_word' id='word_1_61' title='bbox 220 1267 318 1305; x_wconf 89' lang='lat' dir='ltr'><strong>coram</strong></span> <span class='ocrx_word' id='word_1_62' title='bbox 333 1247 448 1322; x_wconf 85' lang='lat' dir='ltr'><strong>Lepidis</strong></span> <span class='ocrx_word' id='word_1_63' title='bbox 463 1245 537 1304; x_wconf 74' lang='lat' dir='ltr'><strong>male</strong></span> <span class='ocrx_word' id='word_1_64' title='bbox 552 1247 674 1304; x_wconf 66' lang='lat' dir='ltr'><strong>vivitur?</strong></span> <span class='ocrx_word' id='word_1_65' title='bbox 714 1247 831 1325; x_wconf 82' lang='lat' dir='ltr'><strong>Effigies</strong></span> <span class='ocrx_word' id='word_1_66' title='bbox 844 1246 900 1324; x_wconf 75' lang='lat' dir='ltr'><strong>qno</strong></span> 
     </span>
     <span class='ocr_line' id='line_1_12' title="bbox 173 1325 823 1402; baseline 0.003 -20"><span class='ocrx_word' id='word_1_67' title='bbox 173 1325 233 1385; x_wconf 86' lang='lat' dir='ltr'><strong>Tot</strong></span> <span class='ocrx_word' id='word_1_68' title='bbox 246 1326 422 1397; x_wconf 82' lang='lat' dir='ltr'><strong>bellatorum,</strong></span> <span class='ocrx_word' id='word_1_69' title='bbox 437 1327 461 1382; x_wconf 90' lang='lat' dir='ltr'><strong>si</strong></span> <span class='ocrx_word' id='word_1_70' title='bbox 475 1325 581 1384; x_wconf 90' lang='lat' dir='ltr'><strong>luditur</strong></span> <span class='ocrx_word' id='word_1_71' title='bbox 595 1325 658 1382; x_wconf 87' lang='lat' dir='ltr'><strong>alea</strong></span> <span class='ocrx_word' id='word_1_72' title='bbox 670 1345 779 1402; x_wconf 83' lang='lat' dir='ltr'>pernox</span> <span class='ocrx_word' id='word_1_73' title='bbox 819 1367 823 1374; x_wconf 87' lang='lat'>·</span> 
     </span>
     <span class='ocr_line' id='line_1_13' title="bbox 174 1403 854 1480; baseline 0.003 -20"><span class='ocrx_word' id='word_1_74' title='bbox 174 1405 252 1460; x_wconf 73' lang='lat' dir='ltr'><strong>Ante</strong></span> <span class='ocrx_word' id='word_1_75' title='bbox 267 1403 479 1480; x_wconf 67' lang='lat' dir='ltr'><strong>Numantinos?</strong></span> <span class='ocrx_word' id='word_1_76' title='bbox 500 1403 524 1460; x_wconf 91' lang='lat' dir='ltr'><strong>si</strong></span> <span class='ocrx_word' id='word_1_77' title='bbox 538 1404 662 1461; x_wconf 88' lang='lat' dir='ltr'><strong>dormire</strong></span> <span class='ocrx_word' id='word_1_78' title='bbox 676 1405 778 1480; x_wconf 89' lang='lat' dir='ltr'><strong>incipis</strong></span> <span class='ocrx_word' id='word_1_79' title='bbox 791 1416 854 1462; x_wconf 89' lang='lat' dir='ltr'><strong>ortu</strong></span> 
     </span>
     <span class='ocr_line' id='line_1_14' title="bbox 174 1481 912 1556; baseline 0 -15"><span class='ocrx_word' id='word_1_80' title='bbox 174 1482 311 1553; x_wconf 83' lang='lat' dir='ltr'><strong>Luciferi,</strong></span> <span class='ocrx_word' id='word_1_81' title='bbox 325 1499 381 1556; x_wconf 90' lang='lat' dir='ltr'><strong>quc</strong></span> <span class='ocrx_word' id='word_1_82' title='bbox 395 1481 476 1555; x_wconf 86' lang='lat' dir='ltr'><strong>signa</strong></span> <span class='ocrx_word' id='word_1_83' title='bbox 490 1482 579 1539; x_wconf 86' lang='lat' dir='ltr'><strong>duces</strong></span> <span class='ocrx_word' id='word_1_84' title='bbox 591 1492 621 1539; x_wconf 89' lang='lat' dir='ltr'><strong>et</strong></span> <span class='ocrx_word' id='word_1_85' title='bbox 635 1493 729 1540; x_wconf 89' lang='lat' dir='ltr'><strong>castra</strong></span> <span class='ocrx_word' id='word_1_86' title='bbox 744 1483 912 1541; x_wconf 79' lang='lat' dir='ltr'><strong>movebaatl</strong></span> 
     </span>
     <span class='ocr_line' id='line_1_15' title="bbox 174 1559 803 1636; baseline -0.002 -17"><span class='ocrx_word' id='word_1_87' title='bbox 174 1560 234 1619; x_wconf 82' lang='lat' dir='ltr'><strong>Cur</strong></span> <span class='ocrx_word' id='word_1_88' title='bbox 248 1559 439 1635; x_wconf 81' lang='lat' dir='ltr'><strong>Allobrogicis</strong></span> <span class='ocrx_word' id='word_1_89' title='bbox 452 1571 481 1616; x_wconf 94' lang='lat' dir='ltr'><strong>et</strong></span> <span class='ocrx_word' id='word_1_90' title='bbox 500 1561 740 1636; x_wconf 69' lang='lat' dir='ltr'><strong>magnipendant</strong></span> <span class='ocrx_word' id='word_1_91' title='bbox 755 1562 803 1618; x_wconf 66' lang='lat' dir='ltr'><strong>ara</strong></span> 
     </span>
     <span class='ocr_line' id='line_1_16' title="bbox 174 1637 895 1714; baseline 0.001 -18"><span class='ocrx_word' id='word_1_92' title='bbox 174 1637 268 1696; x_wconf 89' lang='lat' dir='ltr'><strong>Natus</strong></span> <span class='ocrx_word' id='word_1_93' title='bbox 282 1638 312 1695; x_wconf 88' lang='lat' dir='ltr'><strong>in</strong></span> <span class='ocrx_word' id='word_1_94' title='bbox 327 1637 471 1695; x_wconf 84' lang='lat' dir='ltr'><strong>Herculeo</strong></span> <span class='ocrx_word' id='word_1_95' title='bbox 485 1637 591 1696; x_wconf 83' lang='lat' dir='ltr'><strong>Fabius</strong></span> <span class='ocrx_word' id='word_1_96' title='bbox 604 1639 672 1710; x_wconf 90' lang='lat' dir='ltr'><strong>lare,</strong></span> <span class='ocrx_word' id='word_1_97' title='bbox 688 1639 711 1695; x_wconf 87' lang='lat' dir='ltr'><strong>si</strong></span> <span class='ocrx_word' id='word_1_98' title='bbox 726 1640 857 1714; x_wconf 87' lang='lat' dir='ltr'><strong>cupidus,</strong></span> <span class='ocrx_word' id='word_1_99' title='bbox 871 1642 895 1697; x_wconf 88' lang='lat' dir='ltr'><strong>si</strong></span> 
     </span>
     <span class='ocr_line' id='line_1_17' title="bbox 174 1715 901 1794; baseline 0.001 -21"><span class='ocrx_word' id='word_1_100' title='bbox 174 1717 285 1794; x_wconf 73' lang='lat' dir='ltr'><strong>Vanus,</strong></span> <span class='ocrx_word' id='word_1_101' title='bbox 300 1727 330 1773; x_wconf 89' lang='lat' dir='ltr'><strong>et</strong></span> <span class='ocrx_word' id='word_1_102' title='bbox 342 1715 481 1791; x_wconf 66' lang='lat' dir='ltr'><strong>Euganeis</strong></span> <span class='ocrx_word' id='word_1_103' title='bbox 494 1716 673 1792; x_wconf 85' lang='lat' dir='ltr'><strong>quantumvis</strong></span> <span class='ocrx_word' id='word_1_104' title='bbox 687 1717 796 1774; x_wconf 91' lang='lat' dir='ltr'><strong>mollior</strong></span> <span class='ocrx_word' id='word_1_105' title='bbox 807 1719 901 1792; x_wconf 54' lang='lat' dir='ltr'><strong>agaim</strong></span> 
     </span>
     <span class='ocr_line' id='line_1_18' title="bbox 174 1794 909 1870; baseline 0.003 -18"><span class='ocrx_word' id='word_1_106' title='bbox 174 1794 208 1852; x_wconf 73' lang='lat' dir='ltr'><strong>Si</strong></span> <span class='ocrx_word' id='word_1_107' title='bbox 220 1805 351 1852; x_wconf 90' lang='lat' dir='ltr'><strong>tenerum</strong></span> <span class='ocrx_word' id='word_1_108' title='bbox 366 1794 476 1851; x_wconf 86' lang='lat' dir='ltr'><strong>attritus</strong></span> <span class='ocrx_word' id='word_1_109' title='bbox 490 1795 638 1853; x_wconf 74' lang='lat' dir='ltr'><strong>Catinensi</strong></span> <span class='ocrx_word' id='word_1_110' title='bbox 651 1795 909 1870; x_wconf 88' lang='lat' dir='ltr'><strong>pumicelumbum</strong></span> 
     </span>
     <span class='ocr_line' id='line_1_19' title="bbox 177 1872 860 1948; baseline 0.004 -21"><span class='ocrx_word' id='word_1_111' title='bbox 177 1873 344 1948; x_wconf 76' lang='lat' dir='ltr'><strong>squalentes</strong></span> <span class='ocrx_word' id='word_1_112' title='bbox 357 1872 481 1930; x_wconf 89' lang='lat' dir='ltr'><strong>traducit</strong></span> <span class='ocrx_word' id='word_1_113' title='bbox 494 1891 569 1944; x_wconf 87' lang='lat' dir='ltr'><strong>avos,</strong></span> <span class='ocrx_word' id='word_1_114' title='bbox 581 1883 744 1948; x_wconf 76' lang='lat' dir='ltr'><strong>emptorque</strong></span> <span class='ocrx_word' id='word_1_115' title='bbox 758 1874 860 1930; x_wconf 91' lang='lat' dir='ltr'><strong>veneni</strong></span> 
     </span>
     <span class='ocr_line' id='line_1_20' title="bbox 175 1949 939 2026; baseline -0.003 -17"><span class='ocrx_word' id='word_1_116' title='bbox 175 1949 346 2026; x_wconf 75' lang='lat' dir='ltr'><strong>Frangends</strong></span> <span class='ocrx_word' id='word_1_117' title='bbox 360 1950 492 2009; x_wconf 88' lang='lat' dir='ltr'><strong>miseram</strong></span> <span class='ocrx_word' id='word_1_118' title='bbox 507 1950 628 2008; x_wconf 86' lang='lat' dir='ltr'><strong>funestat</strong></span> <span class='ocrx_word' id='word_1_119' title='bbox 642 1951 765 2026; x_wconf 83' lang='lat' dir='ltr'><strong>imagine</strong></span> <span class='ocrx_word' id='word_1_120' title='bbox 778 1952 914 2026; x_wconf 84' lang='lat' dir='ltr'><strong>genteml</strong></span> <span class='ocrx_word' id='word_1_121' title='bbox 938 1955 939 1958; x_wconf 75' lang='grc'>’</span> 
     </span>
     <span class='ocr_line' id='line_1_21' title="bbox 175 2027 832 2104; baseline -0.002 -17"><span class='ocrx_word' id='word_1_122' title='bbox 175 2027 333 2092; x_wconf 75' lang='lat' dir='ltr'><strong>Totalicet</strong></span> <span class='ocrx_word' id='word_1_123' title='bbox 347 2039 455 2085; x_wconf 82' lang='lat' dir='ltr'><strong>vetares</strong></span> <span class='ocrx_word' id='word_1_124' title='bbox 468 2041 606 2086; x_wconf 86' lang='lat' dir='ltr'><strong>exornent</strong></span> <span class='ocrx_word' id='word_1_125' title='bbox 620 2029 745 2104; x_wconf 87' lang='lat' dir='ltr'><strong>undique</strong></span> <span class='ocrx_word' id='word_1_126' title='bbox 759 2047 832 2086; x_wconf 73' lang='lat' dir='ltr'><strong>cerm</strong></span> 
     </span>
     <span class='ocr_line' id='line_1_22' title="bbox 175 2105 848 2184; baseline 0.001 -19"><span class='ocrx_word' id='word_1_127' title='bbox 175 2107 268 2177; x_wconf 80' lang='lat' dir='ltr'><strong>Atria,</strong></span> <span class='ocrx_word' id='word_1_128' title='bbox 282 2105 413 2164; x_wconf 79' lang='lat' dir='ltr'><strong>nobilitas</strong></span> <span class='ocrx_word' id='word_1_129' title='bbox 427 2105 486 2163; x_wconf 91' lang='lat' dir='ltr'><strong>sola</strong></span> <span class='ocrx_word' id='word_1_130' title='bbox 499 2117 541 2166; x_wconf 85' lang='lat' dir='ltr'><strong>est</strong></span> <span class='ocrx_word' id='word_1_131' title='bbox 556 2118 639 2184; x_wconf 81' lang='lat' dir='ltr'><strong>atque</strong></span> <span class='ocrx_word' id='word_1_132' title='bbox 653 2107 740 2164; x_wconf 87' lang='lat' dir='ltr'><strong>unica</strong></span> <span class='ocrx_word' id='word_1_133' title='bbox 753 2107 848 2166; x_wconf 79' lang='lat' dir='ltr'><strong>virtus.</strong></span> 
     </span>
     <span class='ocr_line' id='line_1_23' title="bbox 176 2179 916 2257; baseline 0.008 -17"><span class='ocrx_word' id='word_1_134' title='bbox 176 2179 292 2257; x_wconf 82' lang='lat' dir='ltr'><strong>Paulus,</strong></span> <span class='ocrx_word' id='word_1_135' title='bbox 306 2183 480 2256; x_wconf 84' lang='lat' dir='ltr'><strong>velCossus,</strong></span> <span class='ocrx_word' id='word_1_136' title='bbox 491 2187 538 2241; x_wconf 50' lang='lat' dir='ltr'><strong>¹vel</strong></span> <span class='ocrx_word' id='word_1_137' title='bbox 554 2185 675 2257; x_wconf 86' lang='lat' dir='ltr'><strong>Drusus,</strong></span> <span class='ocrx_word' id='word_1_138' title='bbox 689 2185 815 2243; x_wconf 89' lang='lat' dir='ltr'><strong>moribus</strong></span> <span class='ocrx_word' id='word_1_139' title='bbox 828 2196 889 2244; x_wconf 85' lang='lat' dir='ltr'><strong>esto</strong></span> <span class='ocrx_word' id='word_1_140' title='bbox 901 2205 916 2247; x_wconf 73' lang='grc' dir='ltr'><strong>ε..</strong></span> 
     </span>
     <span class='ocr_line' id='line_1_24' title="bbox 169 2262 820 2338; baseline 0.008 -22"><span class='ocrx_word' id='word_1_141' title='bbox 169 2262 238 2323; x_wconf 68' lang='lat' dir='ltr'><strong>,flos</strong></span> <span class='ocrx_word' id='word_1_142' title='bbox 252 2274 318 2327; x_wconf 87' lang='lat' dir='ltr'><strong>ante</strong></span> <span class='ocrx_word' id='word_1_143' title='bbox 332 2262 440 2338; x_wconf 84' lang='lat' dir='ltr'><strong>effigies</strong></span> <span class='ocrx_word' id='word_1_144' title='bbox 453 2263 591 2338; x_wconf 88' lang='lat' dir='ltr'><strong>majorum</strong></span> <span class='ocrx_word' id='word_1_145' title='bbox 604 2283 678 2338; x_wconf 87' lang='lat' dir='ltr'><strong>ponc</strong></span> <span class='ocrx_word' id='word_1_146' title='bbox 691 2275 820 2322; x_wconf 89' lang='lat' dir='ltr'><strong>tuorum:</strong></span> 
     </span>
     <span class='ocr_line' id='line_1_25' title="bbox 175 2339 863 2418; baseline 0 -20"><span class='ocrx_word' id='word_1_147' title='bbox 175 2340 344 2398; x_wconf 82' lang='lat' dir='ltr'><strong>Praecedant</strong></span> <span class='ocrx_word' id='word_1_148' title='bbox 357 2340 432 2414; x_wconf 87' lang='lat' dir='ltr'><strong>ipsas</strong></span> <span class='ocrx_word' id='word_1_149' title='bbox 446 2339 495 2412; x_wconf 93' lang='lat' dir='ltr'><strong>illi,</strong></span> <span class='ocrx_word' id='word_1_150' title='bbox 511 2351 538 2398; x_wconf 92' lang='lat' dir='ltr'><strong>te</strong></span> <span class='ocrx_word' id='word_1_151' title='bbox 552 2341 687 2413; x_wconf 87' lang='lat' dir='ltr'><strong>Consule,</strong></span> <span class='ocrx_word' id='word_1_152' title='bbox 703 2342 803 2418; x_wconf 86' lang='lat' dir='ltr'><strong>virgas.</strong></span> <span class='ocrx_word' id='word_1_153' title='bbox 835 2373 845 2381; x_wconf 29' lang='grc' dir='ltr'><em>κ</em></span> <span class='ocrx_word' id='word_1_154' title='bbox 862 2359 863 2364; x_wconf 71' lang='grc'>’</span> 
     </span>
     <span class='ocr_line' id='line_1_26' title="bbox 175 2419 972 2494; baseline 0.001 -16"><span class='ocrx_word' id='word_1_155' title='bbox 175 2419 271 2480; x_wconf 91' lang='lat' dir='ltr'><strong>Prima</strong></span> <span class='ocrx_word' id='word_1_156' title='bbox 285 2419 354 2478; x_wconf 89' lang='lat' dir='ltr'><strong>mihi</strong></span> <span class='ocrx_word' id='word_1_157' title='bbox 368 2419 455 2475; x_wconf 90' lang='lat' dir='ltr'><strong>debes</strong></span> <span class='ocrx_word' id='word_1_158' title='bbox 468 2419 555 2476; x_wconf 91' lang='lat' dir='ltr'><strong>animi</strong></span> <span class='ocrx_word' id='word_1_159' title='bbox 570 2419 651 2476; x_wconf 89' lang='lat' dir='ltr'><strong>bona.</strong></span> <span class='ocrx_word' id='word_1_160' title='bbox 694 2421 818 2478; x_wconf 85' lang='lat' dir='ltr'><strong>Sanctus</strong></span> <span class='ocrx_word' id='word_1_161' title='bbox 831 2420 941 2494; x_wconf 88' lang='lat' dir='ltr'><strong>haberi,</strong></span> <span class='ocrx_word' id='word_1_162' title='bbox 964 2441 972 2455; x_wconf 64' lang='lat'>⁴</span> 
     </span>
     <span class='ocr_line' id='line_1_27' title="bbox 174 2496 850 2576; baseline 0.001 -22"><span class='ocrx_word' id='word_1_163' title='bbox 174 2496 353 2572; x_wconf 79' lang='lat' dir='ltr'><strong>lustitiaeque</strong></span> <span class='ocrx_word' id='word_1_164' title='bbox 366 2509 451 2556; x_wconf 81' lang='lat' dir='ltr'><strong>tenax</strong></span> <span class='ocrx_word' id='word_1_165' title='bbox 464 2497 545 2556; x_wconf 87' lang='lat' dir='ltr'><strong>factis</strong></span> <span class='ocrx_word' id='word_1_166' title='bbox 553 2497 698 2576; x_wconf 85' lang='lat' dir='ltr'><strong>¹dictisque</strong></span> <span class='ocrx_word' id='word_1_167' title='bbox 713 2499 827 2556; x_wconf 87' lang='lat' dir='ltr'><strong>mereris</strong></span> <span class='ocrx_word' id='word_1_168' title='bbox 838 2501 850 2555; x_wconf 87' lang='lat' dir='ltr'><strong>l</strong></span> 
     </span>
     <span class='ocr_line' id='line_1_28' title="bbox 175 2573 889 2652; baseline 0.001 -19"><span class='ocrx_word' id='word_1_169' title='bbox 175 2575 312 2652; x_wconf 83' lang='lat' dir='ltr'><strong>Agnosco</strong></span> <span class='ocrx_word' id='word_1_170' title='bbox 325 2573 492 2651; x_wconf 85' lang='lat' dir='ltr'><strong>proc&#39;erem..</strong></span> <span class='ocrx_word' id='word_1_171' title='bbox 522 2575 614 2648; x_wconf 86' lang='lat' dir='ltr'><strong>Salve,</strong></span> <span class='ocrx_word' id='word_1_172' title='bbox 628 2577 778 2648; x_wconf 64' lang='lat' dir='ltr'><strong>Gaetulice,</strong></span> <span class='ocrx_word' id='word_1_173' title='bbox 792 2596 843 2634; x_wconf 89' lang='lat' dir='ltr'><strong>seu</strong></span> <span class='ocrx_word' id='word_1_174' title='bbox 857 2588 889 2634; x_wconf 93' lang='lat' dir='ltr'><strong>tu</strong></span> 
     </span>
     <span class='ocr_line' id='line_1_29' title="bbox 176 2653 998 2728; baseline 0 -17"><span class='ocrx_word' id='word_1_175' title='bbox 176 2653 301 2725; x_wconf 82' lang='lat' dir='ltr'><strong>Silanus,</strong></span> <span class='ocrx_word' id='word_1_176' title='bbox 315 2670 484 2728; x_wconf 90' lang='lat' dir='ltr'><strong>quocunque</strong></span> <span class='ocrx_word' id='word_1_177' title='bbox 498 2653 552 2710; x_wconf 92' lang='lat' dir='ltr'><strong>alio</strong></span> <span class='ocrx_word' id='word_1_178' title='bbox 566 2655 601 2710; x_wconf 86' lang='lat' dir='ltr'><strong>de</strong></span> <span class='ocrx_word' id='word_1_179' title='bbox 616 2654 771 2728; x_wconf 82' lang='lat' dir='ltr'><strong>sanguinei</strong></span> <span class='ocrx_word' id='word_1_180' title='bbox 794 2673 873 2711; x_wconf 89' lang='lat' dir='ltr'><strong>rarus</strong></span> <span class='ocrx_word' id='word_1_181' title='bbox 915 2680 917 2684; x_wconf 96' lang='lat'>·</span> <span class='ocrx_word' id='word_1_182' title='bbox 996 2679 998 2682; x_wconf 94' lang='lat'>·</span> 
     </span>
     <span class='ocr_line' id='line_1_30' title="bbox 175 2730 985 2813; baseline -0.002 -24"><span class='ocrx_word' id='word_1_183' title='bbox 175 2731 254 2789; x_wconf 84' lang='lat' dir='ltr'><strong>Ciris</strong></span> <span class='ocrx_word' id='word_1_184' title='bbox 268 2741 297 2788; x_wconf 90' lang='lat' dir='ltr'><strong>et</strong></span> <span class='ocrx_word' id='word_1_185' title='bbox 310 2730 441 2806; x_wconf 88' lang='lat' dir='ltr'><strong>egregius</strong></span> <span class='ocrx_word' id='word_1_186' title='bbox 454 2731 552 2806; x_wconf 76' lang='lat' dir='ltr'><strong>patrita</strong></span> <span class='ocrx_word' id='word_1_187' title='bbox 567 2731 830 2813; x_wconf 22' lang='lat' dir='ltr'><strong>contingispovanti.</strong></span> <span class='ocrx_word' id='word_1_188' title='bbox 873 2777 876 2786; x_wconf 90' lang='lat'><em>.</em></span> <span class='ocrx_word' id='word_1_189' title='bbox 980 2760 985 2769; x_wconf 91' lang='lat'>·</span> 
     </span>
     <span class='ocr_line' id='line_1_31' title="bbox 176 2808 878 2884; baseline -0.004 -15"><span class='ocrx_word' id='word_1_190' title='bbox 176 2809 345 2869; x_wconf 81' lang='lat' dir='ltr'><strong>Exclamare</strong></span> <span class='ocrx_word' id='word_1_191' title='bbox 358 2808 436 2880; x_wconf 88' lang='lat' dir='ltr'><strong>libet,</strong></span> <span class='ocrx_word' id='word_1_192' title='bbox 450 2809 571 2884; x_wconf 88' lang='lat' dir='ltr'><strong>populus</strong></span> <span class='ocrx_word' id='word_1_193' title='bbox 584 2809 658 2884; x_wconf 91' lang='lat' dir='ltr'><strong>qnod</strong></span> <span class='ocrx_word' id='word_1_194' title='bbox 673 2809 786 2883; x_wconf 89' lang='lat' dir='ltr'><strong>clamat,</strong></span> <span class='ocrx_word' id='word_1_195' title='bbox 800 2809 878 2866; x_wconf 90' lang='lat' dir='ltr'><strong>Osiri</strong></span> 
     </span>
     <span class='ocr_line' id='line_1_32' title="bbox 175 2886 972 2966; baseline 0.001 -21"><span class='ocrx_word' id='word_1_196' title='bbox 175 2886 304 2948; x_wconf 89' lang='lat' dir='ltr'><strong>Invento.</strong></span> <span class='ocrx_word' id='word_1_197' title='bbox 344 2886 421 2947; x_wconf 78' lang='lat' dir='ltr'><strong>Quis</strong></span> <span class='ocrx_word' id='word_1_198' title='bbox 434 2887 511 2943; x_wconf 91' lang='lat' dir='ltr'><strong>enim</strong></span> <span class='ocrx_word' id='word_1_199' title='bbox 524 2905 693 2963; x_wconf 86' lang='lat' dir='ltr'><strong>generosum</strong></span> <span class='ocrx_word' id='word_1_200' title='bbox 707 2888 809 2955; x_wconf 73' lang='lat' dir='ltr'><strong>dixerit</strong></span> <span class='ocrx_word' id='word_1_201' title='bbox 823 2889 910 2960; x_wconf 89' lang='lat' dir='ltr'><strong>huno,</strong></span> <span class='ocrx_word' id='word_1_202' title='bbox 923 2889 972 2966; x_wconf 91' lang='lat' dir='ltr'><strong>qui</strong></span> 
     </span>
     <span class='ocr_line' id='line_1_33' title="bbox 176 2964 904 3041; baseline 0.003 -19"><span class='ocrx_word' id='word_1_203' title='bbox 176 2965 317 3041; x_wconf 86' lang='lat' dir='ltr'><strong>Indignus</strong></span> <span class='ocrx_word' id='word_1_204' title='bbox 344 2983 459 3040; x_wconf 87' lang='lat' dir='ltr'><strong>genere,</strong></span> <span class='ocrx_word' id='word_1_205' title='bbox 473 2976 502 3022; x_wconf 84' lang='lat' dir='ltr'><strong>et</strong></span> <span class='ocrx_word' id='word_1_206' title='bbox 516 2966 650 3041; x_wconf 76' lang='lat' dir='ltr'><strong>preclaro</strong></span> <span class='ocrx_word' id='word_1_207' title='bbox 664 2967 779 3024; x_wconf 87' lang='lat' dir='ltr'><strong>nomine</strong></span> <span class='ocrx_word' id='word_1_208' title='bbox 793 2964 904 3033; x_wconf 74' lang='lat' dir='ltr'><strong>tantiam</strong></span> 
     </span>
     <span class='ocr_line' id='line_1_34' title="bbox 174 3042 935 3119; baseline 0.001 -18"><span class='ocrx_word' id='word_1_209' title='bbox 174 3043 323 3119; x_wconf 85' lang='lat' dir='ltr'><strong>insignisl</strong></span> <span class='ocrx_word' id='word_1_210' title='bbox 356 3042 474 3100; x_wconf 86' lang='lat' dir='ltr'><strong>Nanum</strong></span> <span class='ocrx_word' id='word_1_211' title='bbox 489 3044 636 3118; x_wconf 88' lang='lat' dir='ltr'><strong>cujusdam</strong></span> <span class='ocrx_word' id='word_1_212' title='bbox 653 3045 771 3102; x_wconf 86' lang='lat' dir='ltr'><strong>Atlanta</strong></span> <span class='ocrx_word' id='word_1_213' title='bbox 785 3063 935 3116; x_wconf 81' lang='lat' dir='ltr'><strong>vocamus3</strong></span> 
     </span>
     <span class='ocr_line' id='line_1_35' title="bbox 176 3121 972 3199; baseline -0.001 -18"><span class='ocrx_word' id='word_1_214' title='bbox 176 3121 341 3198; x_wconf 79' lang='lat' dir='ltr'><strong>AEthiopem</strong></span> <span class='ocrx_word' id='word_1_215' title='bbox 355 3139 494 3196; x_wconf 86' lang='lat' dir='ltr'><strong>cycnum3</strong></span> <span class='ocrx_word' id='word_1_216' title='bbox 515 3141 628 3197; x_wconf 88' lang='lat' dir='ltr'><strong>pravam</strong></span> <span class='ocrx_word' id='word_1_217' title='bbox 642 3132 836 3198; x_wconf 84' lang='lat' dir='ltr'><strong>extortamque</strong></span> <span class='ocrx_word' id='word_1_218' title='bbox 850 3123 972 3199; x_wconf 90' lang='lat' dir='ltr'><strong>puellam</strong></span> 
     </span>
     <span class='ocr_line' id='line_1_36' title="bbox 175 3199 871 3278; baseline 0.001 -19"><span class='ocrx_word' id='word_1_219' title='bbox 175 3200 311 3275; x_wconf 87' lang='lat' dir='ltr'><strong>Europen</strong></span> <span class='ocrx_word' id='word_1_220' title='bbox 323 3213 334 3257; x_wconf 76' lang='grc' dir='ltr'><strong>ε·</strong></span> <span class='ocrx_word' id='word_1_221' title='bbox 351 3199 471 3257; x_wconf 88' lang='lat' dir='ltr'><strong>canibus</strong></span> <span class='ocrx_word' id='word_1_222' title='bbox 484 3199 581 3278; x_wconf 83' lang='lat' dir='ltr'><strong>pigris,</strong></span> <span class='ocrx_word' id='word_1_223' title='bbox 596 3201 747 3276; x_wconf 80' lang='lat' dir='ltr'><strong>scabicque</strong></span> <span class='ocrx_word' id='word_1_224' title='bbox 761 3199 871 3260; x_wconf 63' lang='lat' dir='ltr'><strong>vetusti</strong></span> 
     </span>
     <span class='ocr_line' id='line_1_37' title="bbox 176 3276 869 3353; baseline -0.003 -15"><span class='ocrx_word' id='word_1_225' title='bbox 176 3277 310 3350; x_wconf 86' lang='lat' dir='ltr'><strong>Levibus,</strong></span> <span class='ocrx_word' id='word_1_226' title='bbox 324 3287 353 3334; x_wconf 87' lang='lat' dir='ltr'><strong>et</strong></span> <span class='ocrx_word' id='word_1_227' title='bbox 367 3277 451 3334; x_wconf 75' lang='lat' dir='ltr'><strong>siccae</strong></span> <span class='ocrx_word' id='word_1_228' title='bbox 466 3276 657 3336; x_wconf 88' lang='lat' dir='ltr'><strong>lambentibus</strong></span> <span class='ocrx_word' id='word_1_229' title='bbox 669 3298 720 3336; x_wconf 92' lang='lat' dir='ltr'><strong>ora</strong></span> <span class='ocrx_word' id='word_1_230' title='bbox 732 3281 869 3353; x_wconf 76' lang='lat' dir='ltr'><strong>lucerna,</strong></span> 
     </span>
     <span class='ocr_line' id='line_1_38' title="bbox 176 3353 954 3434; baseline 0 -20"><span class='ocrx_word' id='word_1_231' title='bbox 176 3353 291 3416; x_wconf 87' lang='lat' dir='ltr'><strong>Nomen</strong></span> <span class='ocrx_word' id='word_1_232' title='bbox 305 3356 358 3415; x_wconf 88' lang='lat' dir='ltr'><strong>erit</strong></span> <span class='ocrx_word' id='word_1_233' title='bbox 371 3356 485 3434; x_wconf 86' lang='lat' dir='ltr'><strong>pardus,</strong></span> <span class='ocrx_word' id='word_1_234' title='bbox 499 3357 589 3432; x_wconf 85' lang='lat' dir='ltr'><strong>tigris,</strong></span> <span class='ocrx_word' id='word_1_235' title='bbox 606 3357 660 3428; x_wconf 92' lang='lat' dir='ltr'><strong>leo,</strong></span> <span class='ocrx_word' id='word_1_236' title='bbox 672 3357 695 3415; x_wconf 91' lang='lat' dir='ltr'><strong>si</strong></span> <span class='ocrx_word' id='word_1_237' title='bbox 710 3359 779 3433; x_wconf 88' lang='lat' dir='ltr'><strong>qnid</strong></span> <span class='ocrx_word' id='word_1_238' title='bbox 793 3357 888 3415; x_wconf 87' lang='lat' dir='ltr'><strong>adhue</strong></span> <span class='ocrx_word' id='word_1_239' title='bbox 900 3367 954 3429; x_wconf 86' lang='lat' dir='ltr'><strong>est,</strong></span> 
     </span>
     <span class='ocr_line' id='line_1_39' title="bbox 175 3433 944 3512; baseline 0.001 -22"><span class='ocrx_word' id='word_1_240' title='bbox 175 3434 264 3498; x_wconf 79' lang='lat' dir='ltr'><strong>Quod</strong></span> <span class='ocrx_word' id='word_1_241' title='bbox 276 3435 377 3492; x_wconf 83' lang='lat' dir='ltr'><strong>fremat</strong></span> <span class='ocrx_word' id='word_1_242' title='bbox 391 3433 418 3490; x_wconf 94' lang='lat' dir='ltr'><strong>in</strong></span> <span class='ocrx_word' id='word_1_243' title='bbox 433 3433 515 3492; x_wconf 88' lang='lat' dir='ltr'><strong>terris</strong></span> <span class='ocrx_word' id='word_1_244' title='bbox 529 3433 686 3492; x_wconf 79' lang='lat' dir='ltr'><strong>violentius.</strong></span> <span class='ocrx_word' id='word_1_245' title='bbox 729 3435 806 3512; x_wconf 73' lang='lat' dir='ltr'><strong>Erga</strong></span> <span class='ocrx_word' id='word_1_246' title='bbox 821 3435 944 3507; x_wconf 87' lang='lat' dir='ltr'><strong>cavebis,</strong></span> 
     </span>
     <span class='ocr_line' id='line_1_40' title="bbox 175 3511 901 3584; baseline -0.007 -11"><span class='ocrx_word' id='word_1_247' title='bbox 175 3513 214 3574; x_wconf 82' lang='lat' dir='ltr'><strong>Et</strong></span> <span class='ocrx_word' id='word_1_248' title='bbox 229 3523 351 3584; x_wconf 88' lang='lat' dir='ltr'><strong>metues,</strong></span> <span class='ocrx_word' id='word_1_249' title='bbox 366 3531 403 3570; x_wconf 90' lang='lat' dir='ltr'><strong>ne</strong></span> <span class='ocrx_word' id='word_1_250' title='bbox 416 3522 447 3567; x_wconf 93' lang='lat' dir='ltr'><strong>tu</strong></span> <span class='ocrx_word' id='word_1_251' title='bbox 461 3511 500 3567; x_wconf 88' lang='lat' dir='ltr'><strong>sis</strong></span> <span class='ocrx_word' id='word_1_252' title='bbox 513 3511 646 3570; x_wconf 87' lang='lat' dir='ltr'><strong>Creticus</strong></span> <span class='ocrx_word' id='word_1_253' title='bbox 660 3524 709 3574; x_wconf 85' lang='lat' dir='ltr'><strong>aut</strong></span> <span class='ocrx_word' id='word_1_254' title='bbox 722 3513 901 3570; x_wconf 86' lang='lat' dir='ltr'><strong>Camerinus.</strong></span> 
     </span>
    </p>

    <p class='ocr_par' dir='ltr' id='par_1_6' title="bbox 176 3589 1076 3826">
     <span class='ocr_line' id='line_1_41' title="bbox 216 3589 1076 3672; baseline 0.006 -24"><span class='ocrx_word' id='word_1_255' title='bbox 216 3591 272 3650; x_wconf 90' lang='lat' dir='ltr'><strong>His</strong></span> <span class='ocrx_word' id='word_1_256' title='bbox 285 3609 340 3672; x_wconf 75' lang='lat' dir='ltr'><strong>ego</strong></span> <span class='ocrx_word' id='word_1_257' title='bbox 353 3607 436 3666; x_wconf 91' lang='lat' dir='ltr'><strong>quem</strong></span> <span class='ocrx_word' id='word_1_258' title='bbox 452 3589 572 3652; x_wconf 80' lang='lat' dir='ltr'><strong>monuit</strong></span> <span class='ocrx_word' id='word_1_259' title='bbox 592 3600 687 3648; x_wconf 89' lang='lat' dir='ltr'><strong>tecum</strong></span> <span class='ocrx_word' id='word_1_260' title='bbox 701 3601 744 3647; x_wconf 86' lang='lat' dir='ltr'><strong>ast</strong></span> <span class='ocrx_word' id='word_1_261' title='bbox 757 3591 827 3650; x_wconf 89' lang='lat' dir='ltr'><strong>mihi</strong></span> <span class='ocrx_word' id='word_1_262' title='bbox 841 3609 943 3663; x_wconf 86' lang='lat' dir='ltr'><strong>sermo,</strong></span> <span class='ocrx_word' id='word_1_263' title='bbox 958 3589 1076 3652; x_wconf 85' lang='lat' dir='ltr'><strong>Rubelli</strong></span> 
     </span>
     <span class='ocr_line' id='line_1_42' title="bbox 176 3667 1007 3746; baseline 0 -17"><span class='ocrx_word' id='word_1_264' title='bbox 176 3669 293 3730; x_wconf 81' lang='lat' dir='ltr'><strong>Blande.</strong></span> <span class='ocrx_word' id='word_1_265' title='bbox 335 3667 446 3726; x_wconf 91' lang='lat' dir='ltr'><strong>Tumes</strong></span> <span class='ocrx_word' id='word_1_266' title='bbox 460 3669 515 3724; x_wconf 90' lang='lat' dir='ltr'><strong>alto</strong></span> <span class='ocrx_word' id='word_1_267' title='bbox 529 3667 686 3724; x_wconf 86' lang='lat' dir='ltr'><strong>Drusorum</strong></span> <span class='ocrx_word' id='word_1_268' title='bbox 700 3679 857 3742; x_wconf 84' lang='lat' dir='ltr'><strong>stemmate,</strong></span> <span class='ocrx_word' id='word_1_269' title='bbox 872 3679 1007 3746; x_wconf 88' lang='lat' dir='ltr'><strong>tanquam</strong></span> 
     </span>
     <span class='ocr_line' id='line_1_43' title="bbox 176 3743 928 3826; baseline -0.007 -17"><span class='ocrx_word' id='word_1_270' title='bbox 176 3743 293 3809; x_wconf 74' lang='lat' dir='ltr'><strong>Feraria</strong></span> <span class='ocrx_word' id='word_1_271' title='bbox 307 3746 367 3826; x_wconf 90' lang='lat' dir='ltr'><strong>ipse</strong></span> <span class='ocrx_word' id='word_1_272' title='bbox 380 3746 497 3823; x_wconf 89' lang='lat' dir='ltr'><strong>aliquid,</strong></span> <span class='ocrx_word' id='word_1_273' title='bbox 510 3746 710 3825; x_wconf 87' lang='lat' dir='ltr'><strong>propterquod</strong></span> <span class='ocrx_word' id='word_1_274' title='bbox 724 3745 827 3805; x_wconf 86' lang='lat' dir='ltr'><strong>nobilis</strong></span> <span class='ocrx_word' id='word_1_275' title='bbox 840 3765 928 3822; x_wconf 85' lang='lat' dir='ltr'><strong>esses,</strong></span> 
     </span>
    </p>
   </div>
   <div class='ocr_carea' id='block_1_6' title="bbox 0 0 1293 4200">
    <p class='ocr_par' dir='ltr' id='par_1_7' title="bbox 0 0 1293 4200">
     <span class='ocr_line' id='line_1_44' title="bbox 0 0 1293 4200; baseline 0 0"><span class='ocrx_word' id='word_1_276' title='bbox 0 0 1293 4200; x_wconf 95' lang='lat' dir='ltr'><strong> </strong></span> 
     </span>
    </p>
   </div>
  </div>
 </body>
</html>
