2572 4200
190 545 191 550 ‘
248 623 253 632 ,
323 539 382 615 1).
421 539 599 617 Junrr
635 523 993 648 inveniris
1090 595 1105 664 ·.

576 797 740 844 samnitum

426 973 843 1105 ¹saurnnnuu

504 1269 609 1319 umen
624 1270 791 1328 ounmus.
835 1290 836 1293 =
938 1235 939 1238 ¹

518 1697 677 1756 sarran
696 1697 784 1758 xm.
830 1680 833 1686 ’

205 1851 351 1910 Exnnsno
364 1855 553 1929 quodeunque
567 1852 640 1912 malo
654 1854 848 1925 committitur,
863 1855 917 1930 ipsi

165 1929 303 2006 Displicet
318 1932 433 1990 auctori.
475 1931 571 1989 Prima
584 1943 627 1989 est
640 1931 702 1988 haeo
716 1933 793 2003 ultio,
807 1931 884 2007 quiid
898 1951 929 1990 se

73 2013 83 2028 ⁹
164 2008 268 2066 Judiee
282 2029 366 2068 nemo
379 2029 487 2068 noeens
495 2010 658 2080 absolvitur,
674 2009 800 2086 improba
810 2011 937 2085 quamvis

164 2087 263 2144 Gratia
277 2087 369 2145 fallaci
383 2088 514 2146 Praetoris
523 2087 620 2145 vicerit
633 2088 714 2145 urnii.

164 2164 245 2225 Quid
260 2165 364 2223 sentire
377 2177 461 2242 putas
475 2185 583 2237 omnes,
598 2165 850 2236 coronassent
879 2161 887 2169 ’

165 2240 210 2300 De
223 2242 339 2316 scelere,
353 2255 382 2302 et
395 2243 461 2302 fidei
472 2244 580 2307 violate
591 2244 730 2304 crimine?
771 2245 828 2304 Sed
842 2263 897 2303 neo

164 2318 240 2376 Tam
254 2321 347 2378 tenuis
361 2341 463 2380 census
476 2323 527 2380 tibi
541 2323 669 2398 contigit,
684 2333 714 2380 ut
728 2323 879 2394 mediocris

163 2397 289 2456 Jaeturae
303 2410 331 2456 te
345 2411 453 2476 mergat
465 2419 554 2468 onus;
575 2419 630 2459 neo
643 2419 705 2458 rara
719 2401 856 2473 videmus,

163 2474 240 2537 Quae
255 2477 366 2551 pateris.
381 2475 383 2482 '
407 2478 499 2535 Casus
515 2479 609 2535 multis
623 2479 670 2534 hio
683 2479 822 2554 cognitis,
838 2497 873 2536 ae
883 2479 943 2554 jam

164 2553 274 2626 Tritus,
285 2566 313 2612 et
325 2573 342 2612 e
355 2556 449 2615 medio
463 2555 595 2612 Fortunae
609 2557 711 2613 duetus
725 2573 833 2614 acervo,
862 2582 867 2592 ·

164 2631 307 2689 Ponamus
321 2633 424 2690 nimios
437 2632 575 2708 gemitus:
598 2631 759 2707 flagrantior
773 2633 853 2708 aequo

11 2739 13 2752 ›
57 2753 82 2774 Α
164 2707 232 2768 Non
247 2711 331 2771 debet
344 2711 422 2768 dolor
436 2729 498 2768 esse
512 2710 573 2781 viri,
587 2728 642 2766 neo
656 2710 771 2774 uulnera
785 2711 881 2786 major.

164 2786 213 2844 Tu
226 2789 352 2862 quamvis
365 2789 469 2845 levium
484 2787 630 2844 minimam
643 2787 830 2862 exiguamque
844 2787 983 2863 malorum

165 2865 336 2928 Panionium
350 2866 396 2922 vix
410 2865 482 2923 ferre
495 2877 584 2940 potes,
599 2865 794 2940 spumantibus
809 2868 912 2924 ardens

165 2943 338 3015 Visceribus,
353 2963 464 3001 sacrum
477 2945 528 3014 tibi
542 2941 618 3020 quod
631 2962 689 3004 non
704 2945 803 3001 reddat
817 2946 925 3016 amiens

164 3019 340 3096 Depositum.
382 3023 483 3097 Stupet
496 3024 568 3094 haeo,
579 3023 627 3098 qui
637 3021 697 3097 jam
711 3033 773 3097 post
786 3031 866 3099 terga
879 3021 992 3098 reliquit

166 3099 319 3173 Sexaginta
332 3119 431 3171 annos,
446 3098 565 3157 Fonteio
579 3099 704 3157 Consule
718 3103 821 3158 natust

165 3179 213 3235 An
227 3177 297 3246 nihil
312 3177 341 3234 in
353 3176 453 3234 melius
466 3187 508 3233 tot
520 3196 613 3234 rerum
628 3177 740 3253 proficis
754 3179 827 3235 usui

165 3253 273 3330 Magna
286 3255 410 3329 quidem,
424 3255 512 3311 saeris
525 3274 588 3328 quae
601 3255 649 3312 dat
662 3267 802 3332 precepta
815 3256 926 3328 libellis,

164 3333 275 3391 Victrix
289 3332 422 3390 Fortunae
437 3333 589 3408 Sapientia.
632 3332 771 3390 Ducimus
785 3345 880 3390 autem

165 3411 227 3468 Hos
240 3428 351 3485 quoque
365 3409 472 3480 felinm,
486 3410 533 3484 qui
549 3410 619 3466 ferre
634 3411 812 3468 incommoda
825 3411 899 3482 vitae,

165 3487 229 3546 Neo
240 3489 347 3564 jactare
359 3485 469 3562 jugum,
481 3487 537 3544 virt
551 3485 677 3544 didicere
691 3487 834 3562 magistrat.

163 3567 240 3627 Quae
255 3577 314 3622 tam
329 3565 400 3623 festa
414 3565 484 3635 dies,
498 3575 530 3621 ut
543 3575 636 3622 cesset
649 3567 766 3641 prodere
781 3565 881 3636 furem,

163 3643 326 3716 Perfidiam,
342 3643 464 3716 fraudes,
479 3655 562 3718 atque
574 3643 653 3700 omni
666 3662 703 3700 ex
715 3642 834 3700 erimine
847 3643 959 3700 luorum
