2572 4200
166 221 207 288 l!
477 220 511 276 D.
527 221 625 276 turin
641 220 839 276 tunsurus

166 361 290 459 Electrae
301 363 401 446 jugulo
413 387 444 426 sc
457 368 566 445 polluit,
579 379 627 427 aut
641 364 772 443 Spartani

166 447 315 524 Saugurne
328 447 464 523 conjugii,
478 447 564 504 nullis
577 447 690 504 aconita
703 441 868 521 propinquis

116 545 118 549 ·
166 523 295 599 Miscuit,
309 525 339 582 in
353 523 440 583 sceui
454 531 598 599 nunquam
612 524 737 581 cantavit
750 524 876 580 Orestes.
1089 522 1150 582 22⁰

165 597 274 661 Troica
286 621 345 660 non
359 603 478 679 scripsit.
518 602 599 662 Quid
613 602 690 660 enim
704 599 861 676 Verginius
874 596 960 657 armis

165 675 273 739 Debuit
285 681 387 740 ulcisci
403 677 503 756 magia,
518 691 567 737 aut
580 699 646 738 cum
661 679 784 737 Vindice
798 677 910 736 Galbnl

164 759 247 821 Quid
261 759 339 818 Nem
352 769 410 817 tam
425 759 500 816 sert
513 759 659 833 crudique
673 757 822 832 tyrannide
837 755 924 826 secitl
997 809 999 818 ,

165 835 239 894 Haec
252 857 347 915 opera,
362 848 446 912 atque
459 837 503 894 hoe
516 835 584 893 s'unt
596 835 726 912 generosi
741 834 883 910 Principis
893 843 977 906 artes,

164 915 323 974 Gaudentis
337 916 411 972 foedo
423 915 573 990 peregrina
586 913 622 971 ad
636 912 744 989 pulpita
757 913 830 971 saltu
1088 911 1149 970 225

165 991 308 1066 Prostitui,
321 993 471 1068 Graiusque
486 993 582 1069 apium
595 993 733 1050 meruisse
744 1009 864 1050 coronae.
875 1015 926 1046 -ι
996 1035 998 1042 ,

165 1070 306 1147 Majorum
319 1069 428 1146 effigies
442 1065 567 1132 habeant
580 1070 704 1146 insignia
716 1070 812 1130 vocis:
837 1103 842 1108 —

164 1149 243 1208 Ante
256 1148 343 1226 pedes
356 1147 464 1207 Domiti
478 1151 594 1224 longum
609 1160 640 1206 tu
656 1169 730 1225 pone
743 1148 879 1223 Thyesta

165 1229 266 1302 Syrma
279 1228 322 1285 vel
337 1227 500 1303 Antigone,
514 1246 565 1285 seu
578 1245 728 1304 personam
741 1225 930 1303 Menalippes,

164 1305 203 1364 Et
216 1307 252 1364 de
265 1325 423 1364 marmoreo
436 1306 574 1362 citharam
588 1306 729 1380 suspende
742 1305 860 1363 colosso.
1088 1304 1147 1363 230

163 1379 255 1456 Quid,
270 1382 404 1455 catilina,
418 1383 475 1440 tuis
485 1383 636 1454 natalibus,
650 1393 734 1456 atque
748 1383 880 1459 Cethegi,
996 1405 999 1412 ·

164 1460 295 1521 Inveniet
307 1461 454 1536 quisquam
468 1460 639 1518 sublimiusl
661 1462 751 1518 Arma
764 1472 859 1519 tamen
874 1480 923 1520 vos

164 1539 315 1598 Nocturna
328 1551 357 1598 et
370 1539 498 1596 flammas
512 1538 643 1596 domibus
655 1539 824 1616 templisque
837 1538 967 1616 putaui,

163 1615 203 1678 Ut
216 1618 399 1677 Bracatorum
413 1617 504 1693 pueri,
520 1618 723 1691 Senonumque
737 1616 871 1690 rumores,

164 1697 248 1770 Ausi,
261 1697 336 1772 quod
350 1696 434 1755 liceat
446 1695 545 1752 tonici
557 1696 658 1771 punire
671 1695 798 1752 molesti.
1083 1697 1147 1758 235

164 1775 222 1834 Sed
236 1775 333 1852 vigilat
345 1772 465 1845 Consul,
479 1773 636 1849 vexillaque
650 1785 742 1832 vestra
751 1778 876 1832 coercet.
1154 1774 1156 1778 ’

164 1849 223 1912 Hic
236 1862 326 1912 novus
340 1850 473 1930 Arpinas,
487 1852 629 1929 ignobilis,
645 1862 674 1910 et
687 1849 771 1910 modd
786 1851 888 1910 Rome

163 1929 348 2010 Municipelis
361 1932 466 2007 Eques,
477 1931 621 2006 galeatum
633 1930 713 2005 ponit
726 1931 831 2005 ubique

163 2009 332 2070 Desidiam
346 2009 481 2082 attonitis,
495 2010 567 2068 etin
580 2009 658 2066 omui
671 2019 756 2084 geutc
770 2009 886 2068 laborat.

162 2087 294 2147 Tantum
304 2089 393 2166 igitur
406 2105 503 2147 muros
516 2089 591 2145 intra
604 2098 669 2162 toga
682 2087 802 2145 contulit
815 2086 855 2144 illi
1083 2085 1156 2146 240'

163 2164 296 2227 Nominis
309 2178 338 2225 et
351 2167 436 2238 tituli,
449 2177 586 2242 quantum
600 2184 657 2222 non
671 2163 815 2238 Leucade,
828 2175 966 2241 qnantum

162 2244 320 2304 Thessaliae
334 2245 441 2320 campis
454 2243 591 2302 Octavius
604 2243 720 2300 abstulit
733 2243 790 2300 udo

163 2323 300 2384 Gadibus
313 2321 434 2380 assiduis
443 2323 546 2398 gladio.
589 2321 646 2378 Sed
662 2321 758 2378 Roma
770 2331 929 2396 parentem,

161 2397 257 2460 Roma
267 2411 375 2479 putrem
388 2402 485 2475 patrie
500 2400 672 2458 Ciceronem
685 2398 774 2456 libera
787 2399 867 2458 dixit.

162 2480 287 2556 Arpinas
297 2479 368 2538 alins
381 2478 548 2537 Volscorum
573 2479 603 2534 in
617 2488 712 2543 monte
726 2476 833 2535 solebit
1081 2477 1142 2536 245

160 2557 282 2616 Poscere
296 2558 442 2616 mercedes
452 2557 545 2616 alieno
557 2556 647 2613 lassus
661 2566 762 2627 aratro,
783 2570 788 2578 “

160 2634 306 2696 Nodosam
317 2637 453 2712 posthaec
466 2635 612 2712 frangebat
623 2633 727 2692 vertice
741 2633 837 2706 vitem,

160 2710 193 2772 si
206 2715 300 2774 lentus
312 2715 392 2793 pigri
406 2715 529 2774 muniret
542 2724 637 2772 casua
650 2712 772 2771 dolabri.

160 2789 220 2851 llic
231 2791 328 2852 'tamen
341 2805 370 2854 et
384 2794 515 2852 Cimbros
527 2803 557 2850 et
570 2811 680 2850 summa
692 2790 817 2866 pericula
830 2807 926 2848 rerum

160 2871 283 2947 Excipit,
297 2885 326 2930 et
340 2872 415 2929 solus
429 2871 615 2946 trepidantem
629 2869 749 2944 protegit
762 2867 876 2931 Urbem.
1080 2867 1141 2928 25ss

159 2951 254 3025 Atque
268 2950 343 3021 ideo,
357 2953 504 3026 postquam
518 2948 554 3004 ad
567 2947 699 3004 Cimbros
713 2956 890 3020 stragemque
904 2943 1047 3019 volabant,

157 3021 221 3087 Qui
235 3045 379 3103 nunquam
390 3027 540 3102 attigerant
553 3024 658 3100 majora
671 3023 820 3094 cadauera,
834 3022 921 3094 corvi,

158 3105 275 3164 Nobilis
287 3114 402 3164 ornatur
415 3103 493 3162 lauro
507 3103 616 3178 collega
629 3100 765 3160 secundi.

158 3181 280 3243 Plebeiae
295 3182 448 3243 Deciorum
462 3183 573 3253 anime,
587 3180 698 3258 plebeia
712 3180 825 3238 fuerunt

137 3332 140 3336 ¹
157 3263 300 3324 Nomina:
320 3280 371 3339 pro
385 3261 450 3320 totis
459 3261 619 3337 legionibus
632 3259 662 3318 hi
675 3271 780 3331 tomen,
791 3268 820 3316 et
832 3277 884 3336 pro
1078 3260 1141 3318 255

157 3342 301 3401 Omnibus
315 3340 435 3412 auxiliis,
449 3351 533 3415 atque
546 3339 624 3396 omni
637 3339 713 3414 pube
726 3337 843 3410 Latini,

159 3421 312 3480 Sufficiunt
326 3417 371 3477 dis
393 3418 510 3478 infernis
523 3417 678 3494 Terraeque
691 3415 802 3492 peremi
815 3436 822 3474 :

62 3525 67 3536 ·
157 3497 251 3557 Pluris
264 3499 341 3556 enim
355 3498 448 3570 Decii,
459 3494 544 3572 quim
554 3513 617 3572 que
631 3506 776 3555 servantur
789 3495 826 3552 ab
839 3495 902 3553 illis.

158 3577 276 3637 Ancilla
289 3587 374 3635 natus
381 3577 524 3654 trabeam,
536 3586 566 3632 et
578 3575 711 3632 diadema
722 3573 849 3645 Quirini,

136 3675 137 3680 ¹
157 3654 196 3712 Et
209 3655 299 3712 fasces
313 3655 415 3711 meruit
427 3673 526 3729 regum
538 3654 654 3711 ultimus
667 3653 714 3710 ille
728 3654 873 3710 bonorum.
1078 3647 1142 3710 aba

157 3732 272 3796 Prodita
284 3732 417 3793 laxabant
428 3743 572 3810 portarum
585 3732 706 3792 clausus
718 3728 846 3807 tyrannis
