2572 4200
164 239 202 296 ill
475 237 507 286 D.
525 237 621 288 JUNll
637 236 833 288 Juvnnanrs

166 378 329 454 Magnaque
343 378 462 436 debetur
477 380 578 438 violato
591 399 675 455 poena
688 381 831 437 cadurco
902 413 913 440 ,·

164 457 201 514 Et
215 459 335 514 movisse
349 469 435 533 caput
448 459 506 515 visa
519 469 563 516 est
574 463 708 534 argentea
722 475 854 533 serpens:

163 531 244 592 lllius
258 535 390 610 lacrymae
405 536 594 609 meditataque
608 553 753 592 murmura
766 543 910 610 prestant,

165 613 202 670 Ut
215 614 326 670 veniam
341 614 432 670 culoae
446 633 503 671 nou
519 614 635 684 abnuat,
651 631 750 670 ansere
764 632 868 688 magno

164 691 282 748 Scilicet
295 702 324 748 et
336 692 416 748 tenui
430 709 542 766 popano
555 701 712 766 corruptus,
726 689 826 748 Osiris.

201 768 303 829 Quum
314 770 391 826 dedit
405 768 452 825 ille
465 768 578 836 locum;
599 767 720 844 cophino
735 769 864 842 foenoque
878 767 987 842 relicte,
1056 823 1060 830 .

162 848 309 904 Arcenam
322 846 424 904 Judaea
437 857 561 903 tremens
574 846 718 918 mendicat
732 847 760 904 in
777 865 884 918 aurem,

161 923 305 1000 lnterpres
319 924 414 1000 legum
429 924 618 1000 Solymarum,
632 935 661 981 et
674 943 778 1000 magna
792 925 925 982 sacerdos

162 1002 291 1074 Arboris,
306 1021 339 1059 ae
349 1003 457 1062 ,summi
470 1002 528 1060 lida
546 1001 723 1062 internuntia·
734 1003 808 1060 coeli.

162 1079 268 1157 Implet
280 1093 309 1138 et
323 1080 372 1137 illa
384 1099 511 1152 manum,
526 1082 575 1137 sed
588 1079 719 1156 parcids:
741 1079 796 1139 ere
809 1081 919 1140 minuto

161 1158 384 1233 Qualiscunque
396 1159 471 1216 voles
484 1158 502 1214 J
505 1159 579 1216 udaei
593 1156 850 1218 semnia'vendunt.
891 1205 894 1210 .

163 1237 289 1311 Spondet
304 1249 456 1296 amatorem
470 1249 610 1308 tenerum,
624 1237 667 1294 vel
681 1237 775 1296 divitis
788 1237 849 1296 orbi

162 1313 379 1371 Testamentum
394 1316 505 1390 ingens,
519 1315 619 1372 calida
632 1315 765 1391 pulmone
772 1314 914 1372 columbae

162 1390 308 1463 Tractate,
324 1391 478 1449 Armenius
492 1393 535 1448 vel
550 1392 760 1468 Commagenus
774 1395 932 1468 haruspex;

162 1467 281 1526 Pectora
294 1469 435 1545 pullorum
448 1470 565 1528 rimatur
578 1481 607 1526 et
620 1481 685 1527 exta
697 1470 803 1543 catelli,

162 1545 310 1603 Interdum
325 1557 353 1604 et
366 1547 463 1622 pueri:
484 1547 578 1620 saciet,
592 1549 666 1622 quod
678 1549 785 1605 deferat
799 1549 866 1624 ipse.

201 1624 344 1681 Chaldaeis
359 1625 408 1681 sed
422 1625 509 1700 major
522 1625 575 1682 erit
588 1626 709 1683 fiducia:
730 1626 868 1702 quidquid

162 1700 272 1759 Dixerit
287 1701 464 1778 Astrolegus,
478 1698 595 1761 credent
609 1723 626 1760 a
639 1705 715 1761 lente
729 1705 848 1762 relatum

162 1778 347 1850 Hammonis3
369 1782 501 1856 quoniam
515 1781 635 1858 Delphis
648 1783 764 1840 oracula
777 1794 898 1856 cessant,

161 1857 199 1915 Et
212 1877 304 1934 genus
318 1859 474 1917 humanum
487 1861 603 1918 damnat
616 1861 711 1937 caligo
725 1861 819 1918 sutori.

161 1934 326 2012 Praecipuus
339 1948 434 1998 tamen
448 1948 491 1996 est
505 1940 615 2010 horum,
629 1939 677 2012 qui
691 1937 795 2015 saepiirs
808 1939 899 2012 exsul,

161 2013 252 2090 Cujus
265 2015 401 2086 amicitia,
416 2018 659 2092 conducendaque
673 2016 777 2074 tabella

135 2109 137 2113 ’
160 2090 287 2187 Magnus
301 2093 369 2150 civis
382 2094 450 2165 obit,
465 2105 494 2150 et
508 2095 673 2152 formidatus
687 2093 803 2153 Othoni.

161 2168 234 2227 Inde
249 2171 319 2228 fides
333 2171 395 2242 arti,
406 2173 500 2229 sonuit
513 2173 537 2229 si
551 2173 665 2230 dextera
679 2173 752 2230 ferro
798 2234 801 2239 ,

160 2245 309 2323 Laevaque,
323 2249 347 2306 si
360 2248 445 2324 longo
458 2261 613 2308 castrorum
626 2250 656 2306 in
671 2269 784 2307 carcere
795 2251 906 2308 mansit

160 2324 255 2383 Nemo
265 2327 482 2384 mathematicus
495 2328 611 2402 genium
626 2327 807 2386 indemnatus
820 2329 951 2386 habebit:

161 2403 219 2460 Sed
232 2404 280 2478 qui
294 2402 377 2479 pene
391 2404 473 2480 perit,
487 2407 534 2464 cui
549 2407 594 2464 vix
607 2406 636 2462 in
650 2407 777 2480 Cyclada
791 2407 863 2464 mitti

160 2480 296 2556 Contigit,
310 2493 339 2538 et
352 2481 437 2557 parvi
450 2483 566 2540 tandem
579 2484 703 2540 caruisse
717 2485 846 2560 Seripho.
862 2517 866 2522 ·

160 2558 291 2641 Consulit
305 2559 427 2616 ictericae
442 2559 519 2618 lento
532 2562 568 2618 de
582 2563 680 2619 funere
695 2562 800 2634 matris,

160 2635 238 2694 Ante
253 2649 347 2696 tamen
362 2640 397 2695 de
411 2650 449 2710 te,
463 2639 605 2715 Tanaquil
619 2651 684 2698 tua:
705 2642 817 2715 quande
832 2659 956 2714 sorerem

159 2713 276 2788 Efferat,
290 2727 318 2773 et
331 2727 462 2792 patruos3
485 2738 521 2775 an
535 2719 571 2776 sit
584 2719 708 2777 victurus
721 2719 831 2782 adulter

159 2790 227 2851 Post
240 2791 351 2872 iffiaml
371 2796 438 2869 quid
452 2797 528 2855 euim
543 2797 713 2872 majus''dare
727 2799 844 2867 numina
856 2799 995 2872 possuntt

199 2870 273 2929 Haec
286 2883 380 2932 tamen
394 2873 504 2946 ignorat
518 2874 585 2946 quid
599 2876 677 2931 sidus
691 2873 769 2933 triste
783 2876 905 2932 minetur

161 2948 285 3019 Saturni,
299 2966 354 3023 quo
368 2949 431 3005 laeto
444 2950 545 3007 Venus
558 2970 588 3006 se
601 2951 723 3027 proferat
736 2962 819 3022 astro,

158 3024 220 3086 Qui
234 3026 339 3082 mensis
353 3026 473 3098 damnis,
487 3045 550 3102 qua
564 3029 665 3085 dentur
679 3038 804 3104 tempora
817 3029 903 3086 luero.

159 3101 240 3159 Illius
253 3121 388 3176 occursus
401 3105 486 3160 etiam
501 3105 586 3162 vitare
601 3117 753 3178 memento,

159 3179 195 3236 In
208 3181 289 3256 cujus
302 3182 442 3253 manibus,
453 3201 507 3239 ceu
520 3183 637 3260 pinguia
650 3184 777 3255 succina,
787 3183 867 3242 tritas

159 3258 262 3315 Cernis
275 3259 487 3334 ephemeridas3
509 3279 571 3334 quaa
586 3261 694 3328 nullum
708 3262 839 3334 consulit,
853 3263 951 3340 etjam

159 3337 341 3394 Consulitur:
361 3355 435 3411 quae,
449 3350 541 3396 eastra
554 3341 613 3396 viro
625 3341 798 3415 patriamque
812 3353 936 3418 petente,

158 3412 228 3471 Non
242 3415 292 3471 ibit
305 3416 417 3490 pariter,
433 3418 558 3474 numeris
571 3429 700 3476 revocata
714 3418 866 3495 Thrasylli.

159 3493 207 3548 Ad
221 3493 343 3568 primum
357 3493 478 3569 lapidem
493 3496 597 3552 vectari
611 3515 697 3570 quum
711 3497 814 3572 placet,
828 3501 898 3558 hora

160 3569 287 3627 Sumitur
297 3589 333 3628 ex
347 3569 434 3629 libro:
455 3573 478 3628 si
492 3573 582 3648 prurit
596 3574 693 3632 frictus
703 3575 786 3633 ocelli

160 3646 302 3722 Angelus,
318 3648 446 3723 inspecti
459 3652 556 3725 generi
571 3653 687 3728 collyria
700 3655 799 3729 poscit.

160 3721 250 3800 AEgra
262 3722 332 3781 licet
342 3725 445 3802 jaceat,
460 3728 598 3804 capiendo
612 3731 691 3796 nulla
703 3732 814 3789 videtur
