2572 4200
145 221 200 288 62¹
458 227 490 278 Ι).
507 228 604 278 JUNll
621 229 816 283 JUVENALIS

146 367 219 426 Esse
231 369 314 428 velis:
335 389 390 427 nec
399 371 480 428 enim
494 370 610 428 loricam
624 371 715 445 poscit
729 369 851 428 Achillis

146 445 305 519 Thersites,
317 448 347 504 in
361 449 417 522 qua
431 468 461 505 se
476 449 677 505 transducebat
688 448 793 505 Ulixes.

146 525 311 600 Ancipitem
327 545 377 582 seu
392 537 422 582 tu
437 545 540 601 magno
553 526 716 584 discrimine
730 543 844 582 cansam

146 603 298 678 Protegere
312 603 443 672 affectam
464 615 492 660 te
507 604 633 675 consule,
648 605 694 660 dio
708 604 769 674 tibi,
783 605 831 677 qui
844 604 892 676 sis,

145 679 249 739 Orator
263 682 427 752 vehemens,
441 701 477 738 an
492 683 608 739 Curtius
621 693 650 738 et
664 680 764 738 Matho
777 683 884 751 bucce.

46 821 50 830 ¹
145 757 301 828 Noscenda
315 772 358 816 est
372 779 504 817 mensura
518 759 572 830 sui,
587 760 797 835 spectandaque
808 759 893 817 rebus

146 834 182 892 ln
196 838 313 894 summis
325 837 520 912 minimisque3
542 838 627 894 etiam
642 853 728 912 quum
743 838 828 913 piscis
841 848 961 910 emetur,

145 913 192 971 Ne
207 915 324 972 mullum
339 915 447 990 cupias
461 933 547 989 quum
562 915 598 972 sit
611 917 662 972 tibi
676 917 760 991 gobio
773 913 884 974 tantiam

146 991 181 1049 In
195 993 305 1050 loculis.
344 993 421 1054 Quis
434 995 512 1050 enirn
526 1005 564 1065 te,
580 993 730 1051 deficiente
743 995 890 1067 crumena,

146 1070 184 1127 Et
197 1083 343 1128 crescente
357 1072 434 1146 gula,
451 1083 545 1129 manet
558 1073 667 1142 exitus;
689 1092 743 1130 aere
756 1084 874 1148 paterno

146 1149 192 1205 Ac
207 1149 293 1206 rebus
306 1149 404 1207 mersis
419 1151 447 1206 in
462 1163 599 1222 ventrem,
614 1149 729 1208 soenoris
743 1162 825 1225 atque

146 1227 268 1302 Argenti
282 1227 384 1302 gravis,
395 1240 423 1284 et
437 1248 581 1304 pecorum,
595 1248 781 1308 agrorumque
795 1229 950 1304 capaceml

68 1361 71 1365 .
143 1303 267 1361 Talibus
281 1325 298 1361 a
312 1307 434 1362 dominis
448 1319 508 1374 post
522 1307 807 1372 cuncta'novissimus
820 1308 878 1365 exit

146 1382 290 1453 Annulus,
305 1394 334 1440 et
347 1384 435 1458 digito
449 1385 593 1440 mendicat
607 1384 695 1440 Pollio
709 1385 793 1442 nudo.

146 1459 214 1518 Non
229 1463 389 1535 praematuri
403 1461 523 1532 cinerea,
538 1481 593 1517 nec
607 1462 692 1521 funus
707 1464 839 1519 acerbum

146 1538 296 1605 Luxuriae;
318 1540 367 1595 sed
382 1551 470 1596 morte
485 1537 575 1615 magis
586 1541 738 1597 metuenda
751 1553 891 1600 senectus.
903 1543 907 1548 ’

147 1615 187 1674 Hi
201 1614 366 1691 plerirmque
380 1619 499 1692 gradus:
521 1618 662 1682 conducta
675 1619 798 1693 pecunia
811 1618 913 1678 Romae

146 1693 184 1752 Et
198 1698 292 1752 coram
307 1696 430 1753 dominis
444 1697 636 1753 consumitur:
659 1697 725 1753 inde
742 1697 789 1752 ubi
804 1695 931 1772 paulirm,

147 1772 254 1830 Nescio
267 1773 344 1848 quid,
359 1789 495 1849 superest,
510 1786 538 1831 et
551 1775 636 1849 pallet
650 1774 763 1831 foenoris
777 1787 884 1847 auctor,

145 1851 208 1913 Qui
222 1851 331 1909 vertere
342 1853 442 1924 solum,
458 1853 542 1909 Baias
556 1865 584 1910 et
598 1854 632 1909 ad
647 1865 739 1910 ostrea
753 1866 878 1912 currunt.

147 1930 259 1988 Cedere
273 1946 394 2005 namque
409 1931 468 1990 foro
480 1931 538 2006 jam
553 1951 610 1988 non
625 1944 669 1994 est
678 1933 812 2005 deterius,
826 1931 912 2008 qudm

147 2007 289 2084 Esquilias
303 2029 319 2066 a
334 2010 450 2067 ferventi
465 2011 585 2086 migrare
600 2010 722 2068 Suburtl.

147 2085 200 2144 Ille
213 2087 291 2144 dolor
306 2088 382 2144 solus
396 2089 513 2164 patriam
529 2089 712 2164 fugientibus,
727 2089 775 2146 illa

119 2172 125 2184 '
148 2163 284 2222 Moestitia
298 2177 350 2237 est,
365 2167 489 2224 caruisse
504 2187 580 2224 anno
594 2165 778 2224 Circensibus
792 2186 858 2225 uno.
896 2217 898 2223 ,

147 2243 302 2318 Sanguinis
317 2245 346 2301 in
361 2245 432 2301 facie
448 2264 504 2302 non
519 2246 608 2301 haret
619 2256 714 2320 gutta:
736 2258 881 2304 morantur

147 2321 235 2380 Pauci
249 2320 400 2379 ridiculum
415 2323 598 2399 effugientem
610 2343 645 2379 ex
661 2323 736 2381 Urbe
746 2325 891 2400 pudorem.

187 2399 341 2475 Experiere
356 2400 449 2472 hodie,
464 2401 591 2475 nunquid
605 2401 794 2476 pulcherrima
807 2403 896 2475 dictu,
922 2408 928 2418 '

129 2495 133 2503 ·
147 2478 271 2549 Persice,
283 2499 341 2536 non
354 2491 484 2554 praestem
500 2480 555 2536 vitri
569 2479 611 2542 vel
627 2480 751 2536 moribus
765 2492 793 2536 et
807 2499 853 2549 re;

146 2557 205 2614 sed
220 2556 333 2615 laudern
346 2558 461 2633 siliquas
474 2558 603 2616 occultus
616 2576 726 2633 gane03
748 2559 840 2633 pultes

147 2635 251 2694 Coram
267 2635 444 2707 aliisdictcm
459 2656 556 2712 puero,
572 2638 621 2694 sed
637 2636 666 2693 in
681 2657 748 2694 aure
762 2638 909 2714 placentas
971 2637 975 2643 ’

147 2713 177 2772 N
179 2712 234 2787 am',
249 2733 336 2790 quum
351 2714 389 2774 sis
403 2715 520 2772 conviva
534 2715 603 2772 mihi
617 2716 779 2792 promissus,
795 2715 911 2772 habebis

147 2791 322 2865 Evandrum,
337 2795 433 2851 venies
447 2792 625 2868 Tirynthius,
640 2804 688 2850 aut
702 2793 796 2852 minor¹
807 2795 854 2851 illo

142 2869 270 2947 Hospes,
284 2872 387 2948 etipse
401 2883 495 2928 tamen
510 2873 680 2947 contingens
694 2868 834 2948 sanguine
847 2872 952 2929 coelum

148 2949 229 3006 Alter
243 2949 332 3023 aquis,
346 2951 416 3007 alter
430 2949 550 3006 flammis
564 2950 599 3008 ad
615 2950 707 3008 sidera
721 2951 832 3007 missus.

147 3025 271 3084 Fercula
284 3046 362 3083 nunc
375 3028 441 3084 audi
456 3027 541 3084 nullis
554 3038 652 3084 ornata
666 3027 799 3084 macellis.

146 3104 192 3161 De
206 3104 360 3162 Tiburtino
374 3107 468 3164 reniet
480 3105 683 3181 pinguissimus
698 3125 765 3180 agro

144 3181 295 3256 Hedulus,
310 3195 339 3244 et
352 3195 410 3241 toto
423 3201 509 3261 grege
524 3185 642 3254 mollior,
657 3184 764 3242 inscius
779 3185 884 3256 herbe,

146 3260 280 3320 Necdum
296 3282 380 3322 ausus
394 3262 486 3338 virgas
500 3263 615 3320 humilis
629 3264 758 3322 mordere
772 3264 873 3335 salicti,

145 3339 207 3402 Qui
221 3341 283 3417 plus
296 3342 378 3400 lactis
391 3342 485 3414 babet,
499 3339 584 3416 quam
598 3343 761 3417 sanguinis;
783 3353 812 3400 et
825 3341 952 3400 montani

146 3421 297 3496 Asparagi,
312 3421 402 3496 posito
415 3440 485 3495 quos
498 3420 566 3496 legit
580 3420 674 3476 villica
687 3421 757 3486 fuso.

145 3499 274 3556 Grandia
288 3512 423 3575 praeterea
436 3512 563 3574 tortoque
578 3497 699 3556 calentia
713 3500 788 3558 soeno

145 3577 209 3633 Ova
223 3579 326 3634 adsunt
338 3579 404 3653 ipsis
418 3597 484 3635 curn
499 3578 645 3648 matribus,
659 3590 688 3635 et
699 3589 815 3636 servatae

147 3654 230 3712 Parte
245 3657 322 3726 anni,
337 3658 434 3730 quales
448 3657 560 3714 fuerant
574 3657 602 3712 in
618 3657 731 3728 vitibus,
745 3675 806 3712 uvae
820 3675 826 3713 :

147 3732 302 3808 Signinum
319 3735 487 3809 Syriumque
501 3753 612 3810 pyrum,
627 3736 663 3792 de
677 3735 809 3792 corbibus
823 3732 915 3790 isdem
