2572 4200
550 181 672 232 sattim
690 183 765 233 xnt.
806 231 807 238 ,

164 321 299 382 Culmine
313 321 433 392 delubri,
446 332 581 398 tanquam
596 325 623 382 in
639 343 716 381 mere
730 321 841 382 fluxerit
851 323 942 382 amnis

163 400 331 477 Gurgitibus
345 401 433 470 uritis,
448 410 476 456 ot
489 400 570 458 lactis
583 398 688 458 vortice
701 412 818 458 torrens.

206 479 364 553 luteroepta
377 479 477 534 decem
491 479 616 552 quereris
629 480 756 536 sestertia
769 478 866 536 fraude

165 555 333 632 Sacrilegil
352 555 434 616 Quid
448 555 470 612 si
486 556 529 612 bis
542 567 658 614 centum
672 557 794 632 perdidit
808 556 878 616 altar
900 577 906 590 ·

165 633 230 691 Hoc
242 652 347 691 arcana
361 633 464 690 modo!
485 633 619 708 maiorem
634 634 732 690 tertius
746 633 794 700 illc

161 713 323 782 Summam,
337 729 420 785 quam
436 712 538 784 patule
552 712 598 768 vix
611 723 725 786 ceperat
738 711 859 786 angulus
873 713 966 769 merel
1052 716 1054 721 '

165 789 239 848 Tam
254 788 337 846 facile
351 799 380 846 et
391 807 512 864 prunum
525 801 568 846 est
581 787 697 866 superos
710 800 895 846 contemnere
908 799 1004 861 testes,

166 869 196 924 Si
211 867 336 934 mortalis
349 867 424 923 idem
437 884 522 924 nemo
530 867 617 923 sciat!
659 867 795 942 Adspice,
808 869 914 942 quanti

166 946 244 1003 Voce
258 945 363 1020 negett
383 963 445 1018 quae
457 944 495 1000 sit
508 945 566 1001 ficti
580 945 739 1002 constantia
752 945 863 1004 vultust

165 1021 220 1080 Per
233 1021 415 1093 solis-radios,
426 1021 605 1096 Tarpeiaque
620 1023 738 1083 fulmina
748 1023 833 1099 jurat,

166 1100 203 1158 Et
215 1100 315 1158 Martis
328 1100 472 1171 frameam,
486 1111 515 1156 et
528 1099 648 1156 Cirrhaei
662 1101 770 1175 spicula
783 1101 864 1172 vatis,

166 1177 220 1236 Per
234 1179 356 1236 calamos
369 1178 517 1234 venatricis
531 1179 745 1252 pharetramque
758 1173 873 1250 Puellae,

167 1254 276 1332 Perque
288 1267 379 1326 tuum,
394 1266 471 1330 pater
486 1255 579 1331 AEgaet
593 1255 738 1332 Neptune,
752 1255 921 1327 tridentem

167 1334 256 1392 Addit
269 1345 298 1392 et
311 1333 468 1390 Herculeos
482 1352 574 1404 arcus,
588 1335 751 1408 hastamque
766 1331 912 1407 Minervae,

165 1411 314 1487 Quidquid
328 1411 434 1469 habeut
447 1411 568 1471 talorum
581 1413 797 1480 armamentaria
810 1413 883 1470 coeli.

167 1491 199 1548 {i
212 1487 279 1547 verd
293 1499 318 1546 tt
335 1501 414 1564 pater
427 1501 487 1546 est:
508 1490 675 1561 Comedam,
690 1489 789 1565 inquit,
804 1489 897 1548 flebile
911 1491 977 1550 nati'

168 1567 300 1644 Sinciput
313 1566 390 1638 elini,
404 1567 560 1642 Pharioque
575 1569 715 1625 madentis
729 1580 817 1626 aceto.

206 1647 290 1716 Sunt,
303 1645 334 1704 in
350 1643 482 1702 Fortuna
495 1646 543 1720 qui
557 1645 670 1702 casibus
683 1647 778 1704 omnia
790 1657 906 1722 ponant,

115 1779 119 1786 ,
168 1721 206 1780 Et
221 1724 297 1781 nullo
311 1725 429 1781 credant
443 1724 581 1780 mundum
595 1729 703 1782 recture
717 1725 833 1796 moveri,
864 1788 868 1792 ,
940 1789 944 1798 ,

166 1799 196 1857 N
199 1802 279 1860 etuti
292 1801 419 1859 volvente
432 1801 508 1858 vices
520 1813 550 1858 et
563 1801 644 1873 lucis,
658 1813 686 1858 ct
700 1802 784 1870 unni3

167 1880 262 1955 Atque
277 1880 340 1940 ideo
354 1879 486 1954 intrepidi
500 1897 676 1956 quecunque
690 1879 787 1938 altaria
802 1891 931 1956 tangunt

168 1957 222 2028 Est
236 1959 317 2027 alius,
331 1969 460 2014 metuens
474 1976 511 2014 ne
525 1957 633 2015 crimen
647 1975 731 2032 panna
744 1972 892 2032 suquatur:

167 2035 226 2094 Hic
239 2047 319 2113 putat
331 2056 393 2094 esse
407 2037 485 2108 deos,
499 2046 528 2092 ut
542 2035 657 2110 pejerat,
672 2047 754 2112 atque
768 2037 807 2094 ita
819 2054 932 2094 secum:

167 2113 319 2186 Decernat,
333 2115 520 2189 quodcunque
536 2113 617 2185 volet,
631 2115 667 2171 de
681 2133 797 2190 corpore
810 2125 906 2173 uostm
984 2148 987 2154 s

167 2191 231 2264 Isis,
245 2205 274 2250 et
286 2193 356 2250 irato
371 2191 450 2248 feriat
463 2209 527 2248 mea
538 2191 646 2249 lumina
659 2191 749 2264 sistro,

167 2269 329 2328 Dummodo
342 2269 385 2327 rel
398 2286 493 2327 caetus
506 2280 628 2340 teneam,
642 2289 714 2344 quos
725 2272 844 2346 abnego,
859 2289 998 2330 nummca

86 2399 90 2408 .
167 2347 206 2406 Et
218 2349 347 2424 phthisis,
361 2359 390 2404 et
403 2347 519 2405 vomicae
533 2360 638 2423 putres,
652 2360 681 2406 et
692 2349 843 2406 dimidium
857 2369 922 2407 crus

168 2427 243 2484 Sunt
256 2427 347 2484 tantil
387 2424 498 2500 Pauper
511 2427 681 2502 locupletem
689 2421 785 2502 optare
798 2429 952 2504 podagram

168 2501 216 2562 Ne
229 2504 339 2565 dubitet
352 2502 455 2576 Ladas,
470 2504 493 2560 ei
507 2523 564 2561 non
579 2516 644 2580 eget
657 2506 805 2580 Anticyri,
819 2524 874 2562 nec

168 2583 341 2658 Archigene.
381 2579 462 2642 Quid
476 2582 553 2638 enim
567 2581 670 2638 velocis
683 2583 774 2658 gloria
785 2583 889 2658 plante

168 2659 296 2732 Praestat,
310 2659 478 2718 eteeuriens
491 2658 589 2716 Pisaeae
603 2677 697 2716 ramus
710 2660 810 2718 olivoel
1127 2713 1130 2718 .
1202 2726 1213 2741 .

168 2737 206 2796 Ut
220 2739 256 2796 sit
269 2757 382 2814 magna,
396 2748 490 2794 tamen
505 2735 582 2794 certe
596 2737 674 2798 lenta
686 2739 728 2795 ire
742 2738 859 2796 deorum
872 2749 923 2796 est.
1094 2737 1150 2796 100

169 2815 201 2873 Si
215 2828 317 2874 curant
330 2816 413 2892 igitur
427 2828 547 2872 cunctos
559 2815 660 2892 punire
674 2826 820 2888 nocentes,

72 2889 80 2902 '
168 2893 295 2955 Quando
309 2895 344 2951 ad
358 2913 404 2952 me
417 2895 551 2952 venienti
572 2895 622 2950 sed
635 2905 664 2951 et
677 2895 818 2952 exorabile
832 2913 939 2953 numan

169 2972 300 3030 Fortasse
313 2972 457 3048 experiar:
479 2973 549 3030 solet
563 2973 606 3030 his
619 2972 775 3048 ignoscere.
816 2973 902 3032 Multi
1005 2984 1008 2991 '

169 3051 358 3108 Committunt
373 3051 471 3108 eadem
485 3052 598 3109 diverso
609 3051 728 3111 crimina
741 3052 815 3110 sato:

169 3127 222 3186 Ille
236 3146 351 3186 crucem
362 3129 476 3188 sceleris
489 3121 610 3203 pretium
624 3129 697 3200 tulit,
712 3131 759 3186 hic
773 3124 912 3189 diadema
1094 3129 1151 3188 105

170 3207 220 3264 Sic
234 3209 361 3264 animum
374 3208 442 3264 dirae
456 3207 595 3284 trepidum
610 3207 759 3265 formidine
773 3208 864 3284 culpe
1135 3207 1139 3213 ’

169 3285 355 3344 Confirmant
396 3284 524 3342 Tuncte
534 3304 614 3342 sacra
627 3285 663 3342 ad
675 3286 793 3343 delubra
807 3297 954 3346 vocantem

169 3363 319 3436 Praecedit,
333 3363 443 3420 trahere
458 3361 543 3430 immo
557 3364 630 3420 ultro
644 3381 678 3419 ac
692 3383 792 3422 vexare
806 3375 927 3439 paratus.
1018 3419 1022 3424 .

169 3441 256 3512 Nam
270 3460 358 3516 quum
372 3457 476 3516 magna
489 3439 570 3496 malae
584 3453 711 3514 superest
724 3441 844 3498 audacia
857 3459 960 3513 cauam,

169 3520 303 3577 Creditur
318 3539 334 3576 a
348 3519 443 3575 multis
457 3517 569 3574 fiducia.
611 3517 805 3593 Mimumagit
818 3519 875 3590 ille,
1095 3518 1152 3576 110
1216 3557 1223 3571 .

169 3595 278 3656 Urbani
291 3597 404 3671 qualem
419 3596 551 3671 fugitivus
565 3613 661 3652 scurra
673 3597 797 3653 Catulli:

68 3670 70 3676 ’
168 3674 217 3754 Tu
232 3677 317 3734 miser
330 3675 482 3746 exclamas,
498 3684 527 3730 ut
542 3673 673 3730 Stentora
684 3673 797 3731 vincere
809 3674 909 3750 possis,
955 3675 960 3685 ’
