2572 4200
149 233 187 294 tt
346 281 349 288 ,
458 229 490 278 n.
506 227 603 278 suun
620 227 815 278 Juvnrvsms

148 373 285 431 Servulus
298 371 406 443 infelix,
420 381 449 429 et
462 390 547 429 cursu
561 371 677 429 ventilat
690 371 797 445 ignem.
895 429 900 435 ,

149 449 327 508 Scinduntur
340 451 444 508 tunicae
458 460 556 506 sartve:
577 447 662 507 modd
676 448 761 524 longa
774 459 907 506 coruscat

148 531 271 587 Sarraco
282 529 413 585 veniente
428 528 515 599 abies,
530 537 612 600 atque
626 527 714 584 altera
727 527 825 602 pinum

148 607 277 664 Plaustra
291 607 405 677 vehunt,
419 616 520 663 nutant
533 605 595 662 altae
619 605 777 680 populoque
798 604 952 662 minantur.

148 683 225 742 Nam
240 705 263 741 ει
276 680 436 760 procubuit,
450 685 498 757 qui
512 703 579 740 saxa
593 683 739 758 Ligustica
752 693 853 759 portat,

149 763 230 834 Axis,
245 774 273 820 et
287 781 415 820 eversum
429 761 501 820 fudit
514 780 597 836 super
611 762 727 838 agmina
739 771 876 833 montem,

148 841 229 904 Quid
244 851 371 916 superest
383 841 420 896 de
434 840 620 914 corporibus?
640 840 703 913 quis
716 839 852 910 membra,
866 839 930 914 quis
947 845 1012 898 ossa

149 918 284 976 inveniti
304 919 438 976 obtritum
452 918 527 992 vulgi
540 917 614 992 perit
626 936 712 973 omne
723 916 844 975 cadaver

149 997 230 1054 More
243 998 351 1054 animae.
393 995 502 1054 Domus
516 996 625 1053 interea
638 1013 739 1052 secura
751 995 869 1069 patellas

149 1073 167 1132 J
170 1093 217 1132 am
230 1075 314 1147 lavat,
328 1086 357 1132 et
371 1074 463 1130 bucon
478 1073 601 1130 foculum
614 1073 727 1144 excitat,
741 1083 770 1131 et
783 1084 864 1130 sonat
877 1073 972 1132 unctis

150 1154 311 1228 striglibus,
326 1165 355 1210 et
367 1153 452 1228 pleno
465 1153 609 1228 componit
623 1152 710 1209 lintea
723 1161 812 1228 guno.

149 1232 222 1289 Haec
233 1232 305 1288 iuter
320 1250 421 1305 pueros
435 1228 511 1288 varid
526 1240 724 1307 properantur:
746 1229 834 1286 atille

149 1309 215 1366 Jarn
229 1311 308 1380 sedet
322 1309 352 1365 in
366 1309 438 1383 ripn,
452 1318 609 1382 tetrumque
625 1308 752 1365 novicius
766 1309 863 1365 horret

149 1389 309 1458 Porthmea‚
322 1405 378 1442 nec
391 1397 486 1462 sperat
499 1385 605 1442 caenosi
620 1385 739 1461 gurgitis
755 1385 851 1442 alnum

149 1466 264 1536 Infelix,
278 1483 332 1521 nec
347 1464 441 1534 habet,
456 1482 541 1538 quem
555 1465 688 1539 porrigat,
702 1483 750 1520 ore
763 1464 903 1521 trientem.

73 1613 77 1620 ι
188 1543 314 1618 Respice
328 1561 406 1599 nunc
420 1542 475 1598 alia
488 1561 522 1598 ac
536 1543 647 1598 diversa
659 1542 786 1618 pericula
800 1543 909 1599 noctis:

148 1621 235 1684 Quod
251 1621 372 1696 spatium
385 1621 468 1678 tectis
482 1620 658 1692 sublimibus,
674 1621 750 1678 unde
764 1621 913 1678 cerebrum

149 1698 239 1758 Teste
253 1699 325 1770 ferit,
340 1700 449 1773 quoties
462 1698 564 1756 rimosa
578 1711 607 1755 et
619 1709 700 1756 curta
715 1699 843 1756 fenestris

149 1778 227 1835 Vasa
237 1778 356 1846 cadant;
377 1789 482 1853 quanto
495 1795 662 1852 percussum
675 1778 800 1852 pondere
815 1776 931 1852 signent

148 1857 186 1916 Et
199 1857 304 1914 laedant
317 1856 433 1914 silicem.
476 1855 569 1913 Possis
585 1856 703 1931 ignavus
717 1855 814 1912 haberi

147 1934 187 1996 Et
200 1936 286 1994 subiti
300 1934 383 1992 castis
397 1935 578 2011 improvidus,
590 1936 625 1991 ad
640 1953 751 1992 coenarn
769 1934 793 1990 si

148 2013 372 2078 Intestatuseas.
414 2011 497 2072 Aded
512 2025 552 2070 tot
566 2014 632 2084 fata,
645 2023 713 2087 quot
726 2013 774 2070 illu

147 2093 242 2150 Nocte
260 2103 357 2169 patent
371 2093 478 2168 vigiles,
492 2103 520 2149 te
534 2102 730 2167 pretereunte,
745 2092 891 2148 fenestre:

148 2169 227 2247 Ergo
240 2184 328 2247 optes,
344 2182 493 2245 votumque
508 2171 580 2226 feras
594 2170 752 2226 miserabile
766 2181 872 2241 tecum,
904 2181 907 2186 ’

147 2249 186 2308 Ut
199 2252 256 2308 sint
270 2260 410 2307 contente
423 2251 533 2325 patulas
548 2247 703 2306 defundere
717 2249 819 2324 pelves.

187 2327 291 2386 Ebrius
304 2347 339 2384 ac
349 2329 489 2402 petulans,
503 2327 551 2400 qui
565 2327 675 2384 nullum
690 2325 762 2385 fortd
777 2326 892 2398 cecidit,

139 2406 204 2465 'Dat
217 2427 324 2483 prenae,
339 2417 451 2464 noctem
465 2407 568 2481 patitur
582 2407 705 2482 lugentis
719 2406 843 2462 amicum

147 2484 263 2558 Pelidae,
278 2486 364 2542 cubat
377 2484 407 2542 in
421 2485 534 2556 laciem,
548 2502 614 2542 mox
628 2485 731 2542 deinde
746 2485 871 2560 supinus.

147 2561 226 2640 Ergd
240 2585 298 2622 non
313 2565 393 2622 aliter
405 2565 507 2640 poterit
521 2564 661 2620 dormirel
700 2564 884 2626 Quibusdam

147 2643 287 2702 Somnum
301 2643 361 2700 rixa
380 2643 461 2701 facit:
483 2643 542 2713 sed,
557 2643 683 2717 quamvis
697 2643 841 2718 improbus
854 2641 946 2713 anuis,

147 2722 243 2796 Atque
257 2740 335 2780 mero
349 2722 469 2794 fervens,
481 2733 561 2782 cavet
576 2721 663 2793 hunc,
677 2741 762 2797 quern
778 2721 898 2780 coccina
916 2717 990 2778 lena

146 2800 238 2866 Vitari
249 2799 339 2876 jubet,
353 2813 382 2858 et
396 2803 531 2860 comitum
545 2801 726 2875 longissimus
738 2802 817 2872 ordo,

146 2877 270 2936 Multum
284 2889 419 2954 praeterea
432 2879 617 2950 flammarum,
631 2892 660 2936 et
673 2882 765 2938 aenea
778 2880 892 2956 lampas.

146 2955 206 3027 Me,
221 2975 304 3030 quem
316 2958 383 3014 luna
397 2957 467 3014 solet
480 2957 622 3014 deducere
647 2957 689 3014 vel
705 2958 787 3014 breve
800 2958 899 3017 lumen

114 3089 118 3101 ,
146 3033 293 3106 Gandelae,
304 3035 385 3110 cujus
399 3035 531 3110 dispenso
544 3047 573 3093 et
586 3046 712 3112 tempero
723 3035 811 3108 iilum,

145 3113 318 3172 Contemnit.
360 3111 473 3175 Miserae
487 3133 628 3190 cognosce
641 3116 776 3190 prooemia
790 3115 867 3190 rixae,
925 3147 939 3167 s

146 3193 178 3250 Si
193 3193 254 3250 rixa
264 3203 316 3263 est,
330 3192 379 3248 ubi
393 3205 423 3250 tu
437 3193 541 3268 pulsas,
552 3211 606 3268 ego
620 3194 721 3269 vapulo
734 3192 853 3252 tantiam.

147 3271 210 3330 Stat
223 3268 333 3342 contri,
347 3271 469 3345 starique
480 3271 576 3346 jubet;
598 3291 696 3347 parere
710 3291 828 3331 necesse
841 3285 893 3333 est.
928 3267 931 3272 ⁴

145 3349 223 3408 Nam
236 3349 304 3424 quid
318 3368 394 3424 agas,
409 3369 495 3425 quum
509 3361 537 3407 te
552 3351 673 3408 furiosus
686 3363 778 3427 cogat,
792 3363 821 3409 et
834 3353 911 3411 idern

146 3427 278 3488 Fortiorl
318 3427 402 3486 Unde
415 3429 517 3486 veniel
537 3429 694 3486 exclamat:
715 3430 797 3506 cuju's
811 3443 902 3505 noeto,

145 3507 236 3584 Cujus
249 3508 359 3566 conche
372 3509 485 3566 tumesl
505 3508 567 3583 quis
580 3519 675 3565 tecum
690 3511 787 3568 sectile
800 3529 914 3587 porrum

146 3586 241 3658 Sutor,
255 3597 284 3644 et
297 3586 363 3643 elixi
378 3587 502 3646 vervecis
516 3587 593 3644 labra
607 3589 751 3646 comeditl

62 3735 69 3750 ⁵
145 3663 196 3722 Nil
210 3663 280 3722 mihi
294 3665 469 3740 respondesl
489 3667 603 3736 autdic,
619 3678 667 3723 aut
681 3668 779 3742 accipe
794 3668 911 3725 calcem.

144 3742 218 3815 Ede,
233 3742 281 3799 ubi
296 3742 459 3800 consistasn
474 3745 503 3801 in
515 3745 573 3818 qual
587 3757 614 3802 te
628 3763 723 3819 quaero
736 3745 915 3820 proseuchis?
