2572 4200
136 218 177 290 10
446 217 478 270 D.
496 215 592 273 tuuu
609 216 804 301 JUVllNALl!

136 357 175 421 Et
187 379 257 436 quos
270 359 412 436 praecipud
428 362 545 438 fugiam,
558 359 712 438 properabo
726 362 816 434 fateri,

58 479 60 484 -
137 435 202 495 Nec
217 439 305 506 pudor
316 439 446 498 obstabit.
475 439 556 503 ,Non
569 459 681 514 possum
697 440 779 510 serre,
792 439 931 510 Quirites,

136 517 266 584 (iraecam
280 516 394 575 urbem:
405 518 534 593 quamvis
542 529 626 591 quota
640 518 729 592 portio
744 517 821 574 siccis
835 516 957 574 Achcit

130 593 202 652 ..lam
216 594 324 670 pridem
339 595 427 669 Syrus
440 595 470 666 in
484 595 613 652 Tiberim
628 594 745 652 defluxit
758 593 891 666 Orontes,

113 683 120 695 “
136 669 175 729 Et
188 669 325 746 linguam,
339 683 368 730 et
378 691 481 744 mores,
493 683 522 730 et
535 691 601 729 curn
615 671 732 730 tibicine
747 671 868 730 chordas

135 749 284 825 Obliquas,
298 769 352 808 nec
363 743 420 810 noti
434 749 550 826 gentilia
564 762 695 826 tympana
709 765 807 808 secum

60 836 65 847 “
136 828 232 900 Venit,
246 840 275 885 et
288 829 324 885 ad
338 828 455 885 Circum
466 829 559 904 jussas
572 840 696 904 prostare
710 826 826 903 puellas.

130 904 189 977 lte,
203 907 305 980 quibus¹
318 918 396 982 grata
410 907 541 982 estpictd
555 906 622 980 lupa
636 907 753 964 barbara
766 907 859 964 mitrd.

136 981 273 1042 Rusticus
287 981 332 1042 ille
346 995 411 1042 tuus
424 987 509 1042 sumit
526 985 718 1059 trechedipna,
732 983 866 1056 Quirine,

136 1059 173 1118 Et
188 1063 358 1119 ceromatico
372 1063 424 1121 sert
439 1064 576 1120 niceteria
588 1062 670 1120 collo.

136 1137 194 1201 Hic
208 1139 264 1197 altri
279 1141 411 1214 Sicyone,
427 1153 469 1198 ast
483 1141 696 1215 hic-Amydone
710 1139 819 1211 relicta,

137 1218 194 1274 Hic
209 1218 318 1288 Andro,
330 1219 375 1274 illc
390 1219 485 1290 Samo,
497 1220 544 1276 hic
558 1218 712 1290 Trallibus,
727 1230 775 1276 aut
788 1218 957 1290 Alabandis,

135 1292 276 1369 Esquilias
289 1297 451 1370 dictumque
465 1307 566 1371 petunt
579 1317 595 1352 a
609 1296 712 1353 vimine
727 1297 838 1367 collem,

135 1370 255 1430 Viscera
270 1389 435 1447 magnarum
448 1374 583 1430 domuum
598 1373 760 1448 dominique
775 1373 870 1434 futuri.

136 1447 288 1525 Ingenium
302 1451 389 1522 velox,
405 1451 523 1508 audacia
536 1451 654 1526 perdita,
668 1469 760 1508 sermo

135 1527 284 1604 Promptus
308 1539 337 1584 et
349 1527 422 1586 Isaeo
436 1530 594 1586 torrentior.
634 1529 705 1600 Ede,
719 1530 786 1603 quid
800 1529 879 1586 illum

136 1603 206 1664 Esse
220 1607 321 1682 putesl
342 1608 467 1680 quemvis
482 1607 625 1664 bominem
640 1625 737 1664 secum
750 1608 844 1687 attulit
858 1609 894 1666 ed
908 1627 979 1666 uos:

134 1684 353 1754 Grammaticus,
368 1685 472 1755 rhetor,
487 1689 657 1760 geometres,
668 1686 767 1760 pictor,
782 1685 890 1761 aliptes,

135 1763 247 1842 Augur,
261 1763 466 1834 schaenobates,
480 1763 621 1834 medicus,
632 1782 747 1838 magus:
768 1764 865 1822 omnia
877 1766 962 1828 novit

134 1840 282 1898 Graeculus
295 1839 422 1898 esuriens
436 1841 465 1898 iu
480 1841 596 1914 culum,
605 1842 730 1918 jusseris,
745 1841 805 1899 ibit.

134 1917 181 1982 Ad
196 1937 344 1992 suminam,
359 1939 416 1978 non
431 1917 549 1978 Maurus
562 1932 632 1992 erat,
646 1939 738 1995 neque
753 1922 891 1992 Sarmata,
906 1939 961 1988 nec
974 1918 1083 1991 Thrax,
1106 1975 1110 1986 ,

133 1997 195 2062 Qui
209 1999 327 2075 sumpsit
339 2020 456 2076 pennas,
471 2001 575 2058 mediis
586 2000 637 2056 sed
651 2010 734 2056 natus
747 1999 879 2056 Athenis.
1073 1997 1116 2054 8⁰

133 2081 244 2138 Horum
259 2099 312 2154 ego
326 2097 383 2135 non
398 2079 504 2153 sugium
518 2077 686 2151 conchylial
707 2095 752 2134 me
766 2077 842 2152 prior
856 2077 904 2134 ille

134 2157 286 2233 Signabitl
307 2157 446 2230 fultusque
461 2167 524 2212 toro
538 2155 653 2212 meliore
667 2154 813 2211 recumbet

133 2237 283 2294 Advectos
297 2234 432 2304 Romam,
446 2253 501 2308 quo
514 2252 605 2328 pruna
624 2243 653 2290 et
666 2243 780 2290 cottana
793 2233 897 2292 ventol

133 2315 228 2388 Usque
242 2311 313 2370 aded
327 2313 396 2368 nihil
412 2323 465 2382 est,
474 2312 550 2386 quud
564 2323 659 2368 nostra
673 2311 791 2370 infautia
804 2311 907 2368 coelum

133 2392 238 2450 Hausit
250 2391 423 2449 Aventinum
439 2390 528 2448 bacca
541 2389 647 2446 nutrita
660 2390 788 2446 Sabintll

131 2470 224 2541 Quid,
238 2468 315 2544 qudd
329 2468 465 2525 adulandi
477 2486 549 2542 gens
563 2467 780 2542 prudentissima
793 2467 891 2526 laudat

134 2549 301 2606 Sermonem
316 2546 434 2616 indocti,
448 2545 548 2602 faciem
563 2545 696 2602 deformis
710 2545 807 2617 amici,

134 2625 171 2682 Et
184 2626 298 2700 longum
310 2624 425 2688 invalidi
439 2624 542 2682 collum
557 2623 714 2686 cervicibus
728 2634 820 2697 aequat

134 2703 277 2774 Herculis,
292 2704 428 2763 Antaeum
441 2703 537 2777 procul
553 2721 569 2758 a
583 2703 682 2760 tellure
696 2703 819 2762 tenentis
827 2703 881 2758 l·-

134 2782 207 2838 Haec
221 2782 320 2838 cadem
334 2781 402 2838 licet
415 2793 444 2838 et
458 2781 539 2839 uobis
552 2780 685 2838 laudare:
706 2781 756 2838 sed
771 2781 827 2838 ntis

134 2860 394 2918 Creditur.--
681 2925 683 2933 s

133 2938 198 2995 Nec
212 2949 307 2994 tamen
321 2937 491 3009 Antiochus,
505 2955 560 2994 nec
573 2937 626 2994 erit
639 2937 776 2994 mirabilis
789 2935 848 2994 illic

134 3017 194 3072 Aut
209 3014 371 3085 Stratocles,
386 3026 434 3072 aut
448 3033 513 3072 cum
529 3016 606 3073 molli
621 3015 784 3072 Demetrius
799 3013 908 3072 Haemo.

134 3093 222 3152 Natio
236 3094 364 3150 comoeda
377 3105 427 3150 est.
469 3093 580 3152 Ridesl
601 3093 718 3152 meliore
732 3092 877 3152 cachinno

135 3172 321 3229 Concutitur:
342 3169 400 3241 flet,
414 3171 437 3228 si
451 3173 589 3246 lacrymas
602 3171 748 3246 conspexit
763 3170 857 3240 amici,

134 3249 199 3308 Nec
213 3251 308 3306 dolet:
329 3249 485 3324 igniculum
500 3251 609 3306 bruma
622 3250 645 3306 si
659 3260 785 3324 tempore
800 3267 910 3323 poscas

135 3329 251 3404 Accipit
263 3327 468 3387 endromiden:
498 3329 522 3384 si
536 3328 649 3397 dixeris,
664 3341 761 3396 aestu0,
775 3327 865 3384 sudat.

135 3405 202 3463 Non
217 3425 315 3463 sumus
328 3403 396 3480 ergd
410 3424 508 3481 pares:
529 3405 638 3474 melior,
653 3405 700 3478 qui
714 3423 824 3479 semper
838 3415 867 3462 et
879 3403 958 3462 omni

135 3483 228 3542 Nocte
240 3485 340 3559 dicque
353 3494 445 3558 potest
459 3483 582 3546 alienum
597 3501 706 3538 sumere
721 3481 840 3555 vultum,
993 3535 996 3542 ,

135 3563 163 3618 A
178 3563 250 3620 facie
263 3562 370 3638 jactare
385 3581 496 3631 manus,
509 3560 626 3620 laudare
639 3573 803 3634 paratus-
1059 3559 1116 3618 100

136 3639 216 3696 Scire
230 3640 326 3697 volunt
340 3651 449 3707 secreta
463 3640 562 3696 domds
577 3649 660 3712 atque
676 3639 742 3695 inde
757 3638 859 3696 timeri.

175 3717 213 3774 ut
225 3718 358 3791 quoniam
371 3718 458 3794 coepit
471 3718 636 3774 urceorum
650 3717 766 3787 mentio,
779 3715 867 3774 transi
