2614 4186
521 225 646 276 sarrai
663 226 737 276 xiv.
858 281 861 288 ,

137 367 259 426 Sorbere
274 378 339 426 ante
354 365 449 425 cibum
463 367 537 441 quod
549 368 652 426 debeat
665 377 694 425 et
706 378 784 444 pater
797 377 827 426 et
836 385 896 426 rex.

137 443 268 506 Monstro
282 444 453 520 voluptatem
467 445 621 520 egregiam,
635 447 683 502 cui
698 445 777 504 nulla
790 446 911 518 theatra,

136 521 227 580 Nulla
241 540 352 597 sequare
364 541 451 597 queas
464 517 594 580 Praetoris
603 523 715 598 pulpita
727 522 807 594 lauti,
886 554 890 560 -

138 600 171 656 Si
186 611 305 676 spectes,
316 610 421 674 quanto
435 599 535 674 capitis
548 599 711 657 discrimine
724 610 854 658 constent

138 677 322 735 Incrementa
335 677 445 748 domita,
461 677 546 734 aeratd
560 677 664 735 multus
677 678 707 734 in
722 678 789 735 arci
866 723 874 734 .

139 755 250 826 Fiscus,
264 766 293 812 et
306 755 342 812 ad
357 754 470 830 vigilem
540 755 607 812 endi
621 755 741 812 Castora
754 754 874 827 nummi,

138 831 183 918 Er
196 851 251 908 quo
266 830 344 889 Mars
358 833 429 890 ultor
439 773 549 908 gullln
560 851 673 965 quoque
686 833 823 908 perdidit,
831 844 861 890 et
873 850 919 891 rea

138 909 206 968 Non
220 910 311 986 potuit
323 928 433 968 servare
445 929 519 970 suas.
587 907 637 985 rgo
647 911 744 968 omnia
757 909 848 968 Flore

138 987 177 1046 Et
190 987 303 1054 Cereris
316 988 384 1046 licet
396 999 425 1045 et
435 987 560 1061 Cybeles
574 987 664 1044 aulaea
677 988 836 1063 relinquas:

138 1066 236 1126 Tanto
250 1065 371 1140 majores
384 1067 510 1125 harnana
522 1065 636 1140 negotia
649 1065 717 1122 ludi.

179 1145 227 1204 An
242 1140 332 1218 magis
344 1143 489 1202 oblectant
503 1142 628 1200 animum
640 1143 746 1217 jactata
755 1153 872 1218 petauro

139 1221 273 1297 Corpora,
286 1220 389 1295 quique
401 1220 474 1278 solet
486 1231 594 1298 rectum
608 1220 781 1278 descendere
794 1220 900 1293 sunem,

137 1297 237 1360 Qudm
251 1308 292 1368 tu,
306 1297 429 1372 Corycii
443 1315 553 1372 semper
566 1297 613 1372 qui
626 1316 719 1372 puppe
733 1299 854 1366 moraris
946 1295 949 1300 ’

139 1377 236 1451 Atque
250 1375 369 1444 habitas,
384 1376 460 1432 Corn
472 1393 583 1450 semper
596 1375 736 1432 tollendus
748 1386 777 1432 et
791 1375 907 1450 Austro,

138 1453 270 1511 Perditus
283 1471 317 1509 ac
331 1452 392 1511 vilis
402 1453 479 1510 sacci
493 1462 629 1510 mercator
642 1452 756 1521 olentis;

137 1529 201 1592 Qui
215 1531 323 1606 gaudes
336 1531 441 1606 pingue
455 1531 577 1604 antique
591 1532 627 1586 de
642 1530 734 1588 littore
748 1531 842 1588 Crete

140 1609 258 1668 Passum
272 1619 301 1665 et
315 1608 472 1684 municipes
485 1607 563 1664 lovis
577 1607 723 1665 advexisse
736 1608 873 1684 lagenasl

140 1684 200 1743 Hic
214 1697 308 1755 tamen
323 1685 438 1761 ancipiti
453 1685 543 1761 figens
557 1685 674 1760 vestigia
686 1685 782 1760 planti

140 1763 259 1823 Victum
273 1763 321 1820 int
335 1764 466 1820 mercede
480 1775 568 1838 parat,
582 1764 765 1836 brumamque
779 1761 939 1839 famemque

140 1839 195 1899 lna
209 1851 282 1899 reste
296 1853 393 1898 cavet:
411 1851 444 1898 tu
459 1851 569 1915 propter
583 1839 660 1896 mille
673 1839 777 1896 talenta

140 1917 179 1976 Et
192 1928 307 1984 centum
322 1918 400 1976 villas
414 1917 586 1978 temerarius.
628 1917 754 1992 Adspice
767 1927 863 1992 portus
879 1981 883 1989 Ι

10 2042 17 2061 .
141 1995 178 2054 lit
190 1995 306 2071 plenum
320 1996 430 2071 magnis
444 1994 570 2052 trabibus
583 2013 675 2062 mare;
696 1995 760 2070 plus
773 1995 919 2051 bominum
932 1994 1045 2070 estjam

141 2072 176 2130 In
191 2073 308 2150 pelago:
329 2073 423 2130 veniet
436 2071 544 2143 classis,
558 2069 727 2146 qudcunque
741 2071 847 2129 vooirit

141 2151 213 2226 Spes
226 2151 307 2222 lucri,
322 2169 377 2207 nec
391 2151 575 2226 Carpathium
588 2149 755 2224 Goetulaque
768 2147 879 2207 rantum
960 2171 966 2176 ·

141 2229 267 2303 AElquora
280 2228 441 2299 transsiliet,
455 2229 515 2299 sed,
529 2225 613 2304 longd
628 2227 718 2304 Calpe
732 2227 842 2301 relicti,

140 2306 249 2363 Audiet
263 2305 405 2364 Herculeo
418 2306 582 2364 stridentem
596 2306 706 2381 gurgite
720 2304 816 2363 solem.
1064 2305 1125 2364 Μ

139 2383 256 2442 Grande
269 2398 362 2459 operte
377 2384 496 2458 pretium
510 2395 562 2454 est,
577 2395 608 2440 ut
621 2394 701 2440 tenso
715 2384 780 2440 folle
794 2383 896 2442 reverti

140 2459 214 2518 Inde
229 2461 344 2529 domum
358 2461 456 2536 possis,
470 2461 633 2535 tumidique
648 2462 784 2536 superbus
798 2461 885 2534 alati,

140 2537 253 2597 Oceani
268 2549 391 2595 monstra
404 2549 433 2596 et
443 2538 562 2613 juvenes
576 2539 678 2594 vidisse
692 2540 823 2596 marinos.

140 2615 208 2673 Non
223 2634 297 2673 uuus
310 2627 420 2673 mentes
433 2616 520 2690 agitat
534 2616 617 2672 furor.
658 2614 710 2672 Ille
723 2617 825 2674 sororis

113 2735 119 2749 .
141 2693 176 2751 ln
191 2693 323 2750 manibus
337 2693 416 2750 vultu
430 2691 622 2749 Eumenidum
635 2701 754 2749 terretur
769 2703 798 2750 et
811 2691 888 2768 igni:
1065 2693 1126 2752 285
1219 2745 1222 2752 .

141 2771 200 2830 Hic
214 2772 285 2829 bove
299 2789 435 2846 percusso
449 2769 559 2844 mugire
574 2770 792 2844 Agamemnona
805 2770 896 2842 credit
1104 2773 1106 2777 '

141 2849 202 2906 Aut
216 2848 357 2912 Ithacum.
398 2847 500 2905 Parcat
513 2846 617 2904 tunicis
629 2843 699 2903 lieet
711 2857 795 2922 atque
808 2846 939 2920 lacernis,

141 2927 289 2985 Curatoris
303 2935 378 3001 eget,
392 2925 440 3000 qui
455 2943 555 2982 narem
570 2923 712 2980 mercibus
726 2924 823 2999 implet

142 3005 189 3062 Ad
204 3022 346 3062 summum
359 3001 442 3074 latus,
456 3014 485 3060 et
498 3002 594 3060 tabulti
608 3002 788 3078 distinguitur
802 3003 896 3072 unum

139 3081 243 3144 Quum
257 3081 293 3138 sit
306 3098 392 3138 causa
406 3081 471 3137 mali
486 3079 568 3152 tanti,
583 3091 612 3136 et
625 3079 798 3138 discriminis
813 3081 905 3155 hujus,
1067 3080 1128 3138 29⁰

141 3160 299 3217 Concisum
314 3169 463 3234 argeutum
478 3157 507 3214 iu
521 3157 617 3214 titulos
627 3157 770 3232 faciesque
784 3157 917 3216 minutas.

141 3237 307 3294 Occurrunt
321 3235 411 3292 nubes
424 3247 452 3292 et
465 3233 585 3309 fulgura.
627 3235 732 3294 Solvite
747 3235 853 3306 funem,

142 3314 293 3372 Frumenti
307 3313 439 3370 dominus
452 3312 556 3402 clamat
569 3312 726 3387 piperisque
740 3311 882 3388 ccdmpti3

142 3390 192 3449 Nil
206 3391 284 3449 color
298 3390 346 3446 liic
360 3389 435 3460 coeli,
449 3389 488 3445 ml
502 3389 590 3445 lascis
604 3389 684 3463 nigra
699 3389 840 3458 minatur3
1043 3423 1045 3426 ·

143 3469 286 3528 AEstivum
299 3478 386 3524 tonat.
427 3465 530 3523 Infelix
544 3465 599 3522 hic
613 3466 727 3522 forsitan
742 3465 804 3540 ipsi
1069 3461 1129 3520 295

142 3545 237 3604 Nocte
252 3546 336 3602 cadet
350 3544 445 3602 fractis
458 3542 593 3612 trabibus,
606 3541 750 3615 fluctuque
764 3550 907 3616 premetur

142 3623 282 3694 Obrutus,
296 3632 325 3680 et
339 3641 442 3679 zonam
455 3617 526 3676 leva
540 3637 688 3692 morsuque
702 3618 818 3675 tenebit

142 3701 202 3760 sea
215 3700 298 3777 cujus
312 3701 382 3758 rotis
395 3694 479 3758 modd
493 3713 550 3754 non
564 3695 714 3753 suffecerat
726 3713 835 3768 aurum,
873 3724 877 3733 ·
