2614 4186
148 223 190 282 η
485 220 517 268 n.
534 219 787 274 emorrannum

150 359 250 420 Eadm
262 359 436 435 ingeminet.-
455 361 625 438 repmdr'la's
638 368 752 418 cassem
765 358 857 416 Echo.

150 439 224 497 Huc
236 438 346 511 fierent,
360 439 384 496 si
397 439 520 496 testiculi
534 458 606 496 vena
619 439 676 496 ulla
689 438 798 513 paterni

149 517 266 575 Viveret
278 517 308 574 in
323 516 426 574 nobisl
446 518 557 573 summi
570 517 703 574 delur'nbe
717 515 804 572 sativa

150 595 216 652 Hoc
230 605 308 652 natat
322 595 351 651 in
364 595 461 666 labris,
476 606 504 652 et
518 595 548 652 in
563 596 619 652 udo
632 607 675 652 est
685 593 799 650 Menas
812 602 841 649 et
852 590 961 650 ,Arrius
1064 593 1132 651 '1⁰5

150 672 215 730 Nec
228 674 355 749 pluteum
368 673 461 744 cedit,
475 691 530 730 neo
544 673 688 730 demorsos
703 671 775 746 sapit
788 688 908 746 uuguea

190 753 266 834 ⁶,Sed
281 751 348 825 quid
361 771 431 826 opus
445 763 556 809 teneres
570 751 695 808 mordaci
709 749 807 806 radere
821 767 886 806 tero

150 829 327 887 Auriculasl
348 829 411 896 ride
424 829 473 900 sie,
487 847 524 886 ne
539 829 675 904 majorum
689 828 741 886 tibi
757 825 827 885 forte

150 906 264 964 Limina
278 907 444 982 frigescent:
466 917 548 964 conat
563 907 610 963 hlc
625 907 660 964 de
675 925 744 963 nare
757 907 862 962 canina

150 983 275 1042 Littera!
316 984 371 1042 Per
384 1003 430 1042 me
443 985 573 1061 equidem
588 986 644 1042 siut
654 984 750 1042 omnia
763 985 890 1060 protinus
903 982 976 1054 alba,
1041 1015 1044 1020 ·
1075 983 1132 1040 llll

151 1060 200 1119 Nil
216 1082 315 1121 moror.
357 1063 454 1138 Euge!
475 1083 585 1135 omnes,
598 1081 698 1120 omnes
712 1063 786 1119 bene
800 1063 877 1119 mirae
891 1061 970 1118 eritis
983 1080 1036 1118 rea.

152 1141 216 1197 Hoc
227 1141 328 1217 juvatl
368 1141 437 1214 ch',
450 1143 551 1216 inquiS,
566 1155 629 1198 veto
641 1142 789 1216 quisquam
804 1141 871 1198 laxit
881 1140 995 1198 oletum.

151 1218 242 1294 Pinge
256 1221 327 1277 duos
339 1238 463 1296 angues:
483 1221 573 1295 pueri,
588 1239 670 1276 sacer
682 1231 724 1276 est
738 1220 832 1279 locus:
853 1217 934 1276 extrd

150 1294 269 1355 Meiite:
291 1298 415 1356 discedo.
457 1299 556 1354 Secuit
569 1297 697 1354 Lucilius
712 1297 826 1370 Urbem,

150 1373 206 1445 Te,
222 1375 310 1451 Lupe,
325 1387 363 1446 te,
378 1375 467 1446 Muci,
481 1386 510 1432 et
523 1376 678 1450 genuinum
695 1376 776 1450 fregit
788 1375 816 1432 in
831 1376 893 1434 illie.
1069 1377 1131 1433 115

150 1451 245 1508 Omne
260 1453 336 1510 vafer
350 1455 446 1510 vitium
461 1453 564 1509 ridenti
576 1453 697 1516 Flaccus
711 1454 803 1510 amieo

150 1527 268 1606 Tangit,
280 1543 308 1588 et
322 1531 461 1587 admissus
475 1530 583 1590 circum
598 1532 752 1606 praecordia
766 1531 848 1604 ludit,

150 1607 278 1665 Callidus
291 1628 410 1666 excusso
422 1609 557 1684 populum
571 1610 744 1684 suspendere
758 1629 835 1668 naso
903 1636 906 1644 ’

151 1684 229 1744 Men’
245 1688 347 1742 mutire
360 1687 450 1758 nefas,
462 1706 516 1744 nec
530 1685 614 1758 cldrn,
629 1706 763 1744 naccum
778 1688 896 1746 scrobel
944 1688 1130 1764 ‘Nusquam’

151 1761 210 1822 lito
224 1776 319 1822 tamen
334 1765 488 1822 infodiam:
510 1766 587 1838 Vidi,
600 1767 655 1824 ridi
667 1767 736 1841 ipsa,
751 1765 854 1837 libelle,
1074 1767 1132 1824 12⁰
1255 1821 1257 1826 .

150 1841 305 1899 Auriculas
318 1843 390 1900 asini
406 1843 486 1900 Mida
499 1862 549 1900 rex
563 1843 664 1901 habet:
686 1845 740 1901 hoc
753 1863 808 1919 ego
820 1856 959 1920 opertum,
971 1841 973 1845 ’

147 1919 216 1992 ,Hoc
230 1921 322 1978 ridere
337 1940 442 1992 meum,
453 1932 513 1978 turn
525 1921 575 1992 nil,
590 1922 669 1979 nulla
679 1921 730 1979 tibi
744 1923 836 1979 vendo

151 1996 250 2054 Iliade.
293 2000 416 2068 Audaci,
430 2000 603 2074 quicunque,
618 2000 709 2057 afflata
724 1999 851 2072 Cratino,

151 2074 258 2132 Iratum
274 2076 442 2152 Eupolidem
456 2079 614 2152 pregrandi
628 2097 695 2134 curn
710 2097 778 2135 sene
788 2079 885 2153 pallea,

91 2186 95 2195 ·
150 2155 256 2228 Aspice
270 2167 299 2212 et
309 2155 381 2224 haec,
395 2155 419 2212 si
433 2153 504 2212 sorte
520 2155 624 2231 aliquid
639 2155 786 2214 decoctius
798 2156 887 2214 audie.
1072 2156 1130 2214 126

150 2228 223 2288 lude
239 2233 369 2307 vaqirrrattl
384 2233 472 2290 lector
486 2233 555 2289 milri
571 2234 677 2291 ferveat
690 2253 775 2291 aure:

149 2307 217 2366 Nou
232 2311 289 2380 hic,
303 2311 351 2384 qui
366 2312 394 2367 in
409 2309 537 2385 crepidas
547 2309 696 2368 Graiorum
711 2311 809 2369 ludere
823 2313 908 2387 gestit

150 2386 298 2457 Sordidus,
311 2399 340 2444 et
350 2389 430 2445 lusco
442 2388 491 2462 qui
504 2389 596 2462 poscit
609 2389 716 2458 dicere,
730 2389 835 2461 Lusca,

150 2464 220 2519 Sese
234 2465 354 2539 aliquem
369 2467 499 2536 credens,
514 2465 587 2523 Italo
600 2463 675 2540 qudd
690 2468 794 2524 honore
808 2468 927 2544 supinus

149 2540 419 2617 Fregeritherninao
433 2543 515 2601 Aretl
530 2544 619 2602 editis
633 2545 759 2619 iniquas:
793 2593 797 2608 ,
915 2581 920 2586 -
1087 2546 1128 2604 30

148 2617 213 2675 Nec
225 2620 273 2695 qui
286 2613 375 2678 aliaco
389 2641 531 2693 numeros,
546 2633 575 2680 et
588 2635 667 2680 secto
681 2623 710 2679 in
724 2623 839 2698 pulvere
853 2633 951 2695 metas,
984 2651 987 2654 ·

149 2697 210 2754 Scit
222 2699 318 2757 risisse
331 2700 416 2772 valer,
431 2696 549 2758 multllm
565 2702 688 2776 gaudere
703 2711 826 2776 paratus,

148 2774 180 2831 Si
195 2776 310 2852 Cynico*
320 2778 435 2835 barbam
449 2779 578 2854 petulans
593 2780 708 2836 nonaria
722 2779 813 2836 vellat.

148 2852 203 2911 Hi·
217 2873 301 2912 mane
315 2856 452 2928 edictum,
466 2867 529 2932 post
538 2857 657 2932 prandia
670 2857 835 2914 Callirhoan
848 2857 894 2914 do.

527 3175 684 3234 sarran
707 3155 765 3234 n.¹

414 3332 463 3406 AD
482 3328 639 3380 PLOTIUM
655 3331 853 3382 tractatuum

496 3491 537 3531 nu
558 3479 639 3532 nond
659 3493 776 3533 nunna.

188 3627 290 3699 Hunc',
304 3627 445 3701 Macrine,
458 3630 535 3688 diem
549 3648 668 3690 numera
682 3632 798 3689 meliore
812 3613 917 3706 lapillo,

147 3705 211 3766 (tut
223 3705 273 3760 tibi
287 3706 414 3762 labentes
427 3707 542 3782 apponit
555 3709 694 3766 candidus
707 3727 805 3766 anuos.

148 3779 249 3836 Funde
262 3801 369 3839 merum
383 3783 495 3841 Genio:
517 3804 574 3843 non
586 3799 618 3843 tu
631 3806 716 3863 prece
729 3786 822 3862 poscis
835 3783 926 3842 emaci
