2572 4200
495 247 498 254 ¹
563 223 687 273 SATlRA
705 225 754 274 1x.

161 364 240 424 Nam
254 385 300 424 res
313 365 457 424 mortifera
471 365 661 441 estinimicus
674 367 788 442 pumice
801 367 878 426 levis.
988 419 991 426 .

45 461 51 468 '
67 455 73 465 '
159 445 224 506 Qui
238 440 324 502 modd
339 455 480 501 secretum
496 444 686 516 commiserat,
697 445 787 517 ardet,
801 456 830 503 et
842 447 913 518 odit,

160 523 314 597 Tanquam
328 522 509 598 prodiderim,
523 523 659 597 quidquid
673 522 754 580 scio.'
783 525 903 582 Sumere
914 524 1030 600 ferrum,

161 598 250 658 Fuste
264 599 372 675 aperire
386 613 482 676 caput,
496 600 645 658 candelam
656 620 799 677 apponere
815 601 912 675 valvis,
942 613 945 620 ’

159 675 229 736 Non
243 679 362 736 dubitat.
402 677 468 736 Nec
482 689 648 736 contemnas
662 689 711 737 aut
725 680 875 754 despicias,
887 680 965 756 qudd

164 757 218 814 His
231 757 333 833 opibus
346 773 491 831 nunquam
504 776 571 814 cara
583 767 627 813 cst
640 776 754 816 annona
771 759 885 816 veneni.

162 833 240 912 Ergb
251 835 365 893 occulta
378 847 467 918 teges,
482 847 514 892 ut
526 834 607 892 curia
622 834 725 892 Martis
739 836 870 896 Athenis.

161 912 189 969 Ο
203 912 347 990 Corydon,
362 913 507 988 Corydon,
522 924 663 980 secretum
678 913 772 973 divitis
785 915 874 974 ullum
905 986 907 992 Ι
932 969 935 976 .

162 991 234 1050 Esse
248 993 351 1070 putasl
378 991 459 1048 Servi
473 1002 504 1048 ut
517 1003 647 1060 taceant}
666 991 795 1067 jumenta
808 993 971 1070 loquuntur,

161 1069 200 1127 Et
213 1070 304 1142 canis,
318 1082 348 1128 et
361 1080 465 1146 postes,
479 1080 508 1126 et
521 1087 668 1128 marmora.
710 1070 821 1128 Claude
836 1071 983 1146 fenestras,
1054 1107 1060 1121 ι

162 1149 234 1206 Vela
249 1159 347 1224 tegant
361 1149 456 1219 rimas,
468 1147 557 1223 junge
570 1147 651 1220 ostia,
665 1148 755 1206 tollito
768 1149 864 1208 lumen

163 1227 189 1284 E
204 1227 299 1285 medio
307 1245 314 1296 ;
325 1225 452 1282 clamant
463 1245 570 1286 omnes
593 1225 596 1230 '
611 1224 704 1302 Prope
723 1245 807 1284 nemo
821 1229 988 1289 recumbat:
1006 1238 1012 1249 '

161 1305 250 1367 Quod
264 1316 361 1363 tamen
375 1305 411 1362 ad
425 1315 541 1362 cantum
556 1303 624 1381 galli
639 1305 705 1363 lacit
719 1305 766 1363 ille
780 1307 911 1379 secundi,

162 1382 312 1441 Proximus
325 1383 477 1440 antediem
491 1403 582 1459 caupo
595 1383 666 1440 sciet
677 1403 684 1452 ;
706 1384 802 1442 audiet
814 1394 854 1457 et,
867 1404 930 1461 quae
971 1419 975 1423 ·

161 1461 320 1520 Finxerunt
332 1462 435 1539 pariter
448 1461 586 1534 librarius,
601 1462 790 1538 archimagiri,

120 1607 124 1614 ¹
161 1539 321 1616 carptores.
337 1597 338 1600 ,
361 1540 541 1601 Quod'enim
555 1540 686 1598 dubitant
699 1560 870 1617 componere
883 1543 994 1601 crimen

161 1617 197 1675 ln
211 1618 350 1698 dominos,
360 1618 469 1693 quoties
482 1619 642 1676 rumoribus
656 1618 832 1678 ulciscuntur

161 1695 282 1755 Ralteal
322 1696 389 1754 Nec
401 1697 500 1768 deerit,
514 1697 563 1770 qui
577 1707 604 1754 te
618 1717 668 1772 per
682 1698 805 1774 compita
817 1709 925 1772 querat
1045 1697 1047 1700 ’

161 1772 325 1847 Nolentem,
339 1786 368 1832 et
382 1774 514 1832 miseram
528 1775 642 1832 vinosus
656 1775 777 1833 inebriet
789 1794 896 1834 aurern.
1123 1779 1133 1791 “

161 1850 228 1911 Illos
241 1850 310 1929 ergd
324 1871 416 1928 roges,
430 1853 567 1930 quidquid
581 1851 665 1928 paulb
680 1852 747 1911 ante
761 1853 877 1929 petebas

161 1931 190 1986 A
205 1931 287 1991 nobis
336 1931 469 1988 Taceant
482 1930 539 1988 illi:
561 1931 611 1987 sed
625 1933 746 2006 prodere
760 1932 869 1989 malunt

162 2008 321 2082 Arcanum,
335 2007 421 2083 qudrn
435 2009 561 2084 subrepti
575 2020 672 2084 potare
686 2008 811 2080 Falerni,

160 2085 216 2147 Pro
229 2077 333 2164 p'opulo
348 2087 455 2144 faciens
467 2099 604 2162 quantum
619 2085 748 2146 Laulella
762 2083 884 2146 bibebat.

160 2167 321 2228 Vivendum
336 2163 414 2224 recte
428 2176 481 2238 est,
495 2164 688 2242 sarapropter
702 2166 832 2242 plurima,
846 2178 907 2226 tum
921 2167 967 2227 hin

159 2242 307 2320 Praecipue
321 2245 425 2315 causis,
439 2255 472 2302 ut
484 2237 595 2320 lingbas
609 2245 813 2320 mancipiorum

160 2323 350 2382 Contemnunt
371 2341 438 2380 nam
452 2322 551 2398 lingua
564 2322 630 2380 mali
641 2342 705 2399 pars
718 2324 841 2400 pessima
854 2324 935 2383 servi.

159 2400 291 2460 Deterior
302 2412 397 2460 tamen
412 2401 469 2474 hic,
483 2401 531 2476 qui
545 2400 617 2459 liber
630 2419 688 2459 non
702 2403 756 2460 erit
769 2403 834 2474 illis,

157 2481 292 2542 Quorum
306 2479 415 2537 animas
428 2490 457 2537 et
471 2479 542 2546 barre
556 2498 609 2538 suo
622 2481 746 2538 custodit
758 2492 788 2538 et
802 2500 866 2539 aere.

198 2558 313 2616 Idcirco
324 2569 355 2616 ut
365 2558 469 2634 possim
483 2558 610 2634 lingnam
625 2563 807 2617 contemnere
821 2560 905 2632 servi,

161 2636 236 2696 Utile
250 2637 400 2694 consilium
414 2634 510 2709 modb,
525 2637 574 2694 sed
589 2655 750 2709 commune,
765 2637 887 2696 dedisti:

158 2715 248 2774 Nunc
261 2715 331 2775 mihi
344 2715 412 2791 quid
426 2716 528 2772 suades
540 2727 604 2789 post
617 2716 753 2772 damnum
767 2715 912 2792 temporis,
925 2729 955 2776 et
970 2736 1035 2794 spes
1088 2720 1143 2778 100

159 2793 324 2872 Deceptusl
365 2792 494 2852 Festinat
507 2793 586 2850 enim
600 2795 752 2852 decurrere
767 2793 848 2852 velox

158 2872 319 2944 Flosculus‚
335 2883 462 2948 anguste
478 2872 818 2947 miserequebrevirsima
831 2873 895 2930 vitae

158 2951 273 3010 Porcio:
294 2951 363 3009 dum
377 2950 511 3023 bibimus,
526 2951 594 3007 dum
608 2962 693 3024 serta,
708 2962 865 3028 unguenta,
878 2951 987 3030 puellas

159 3029 318 3101 Posuimus,
331 3029 442 3105 obrepit
455 3048 513 3090 non
527 3029 673 3087 intellecta
685 3041 826 3088 senectus.

158 3108 205 3166 Ne
221 3107 350 3183 trepida:
371 3124 517 3182 nunquam
529 3108 662 3184 pathicus
669 3108 726 3168 ,tibi
741 3109 832 3166 deerit
846 3109 966 3181 amicus,
1089 3112 1145 3175 1⁰5

159 3187 306 3246 stantibus
320 3196 350 3245 et
363 3185 447 3243 salvis
461 3187 505 3244 his
518 3186 656 3255 collibus;
678 3187 804 3261 undique
818 3187 854 3244 ad
869 3187 933 3246 illos

40 3289 44 3297 ·
149 3264 349 3336 Conuenient,
362 3274 392 3322 et
404 3265 547 3340 carpentis
560 3274 590 3322 et
603 3265 732 3336 navibus,
744 3284 854 3337 omnes,

157 3344 220 3406 Qui
234 3343 325 3420 digito
339 3341 469 3418 scalpunt
483 3361 540 3400 uno
554 3353 648 3418 caput.
690 3343 791 3401 Altera
804 3342 895 3418 major

158 3423 179 3479 S
215 3442 229 3479 s
242 3430 388 3498 superest:
408 3430 439 3477 tu
453 3418 563 3478 tantum
577 3420 671 3478 erucis
685 3421 816 3496 imprime
830 3421 955 3478 dentem.

158 3442 231 3558 llige
244 3497 376 3575 exempla
387 3516 458 3574 para
470 3497 618 3556 felicibus:
641 3508 670 3554 at
683 3517 748 3555 mea
762 3497 866 3554 Clotho
1088 3497 1145 3556 110

157 3579 194 3638 Et
205 3577 345 3637 Lachesis
357 3576 494 3654 gaudent,
509 3576 533 3631 si
546 3575 672 3650 pascitur
686 3575 804 3650 inguine
818 3585 916 3644 venter

156 3657 185 3715 0
197 3656 286 3734 parvi,
301 3655 446 3730 nostrique
460 3653 559 3724 Lares,
573 3671 644 3727 quos
657 3654 740 3710 thure
754 3653 874 3724 minuto,

156 3736 217 3794 Aut
229 3736 311 3807 farre,
325 3742 354 3790 et
367 3732 446 3790 tenui
462 3731 539 3789 soleo
552 3748 668 3787 exorare
679 3730 795 3802 corona,
