2572 4200
568 167 691 226 suarna
708 177 771 226 xu.
865 213 867 220 ,

177 320 304 378 Vocibus
316 319 467 389 abscindis,
481 319 613 392 omnique
628 318 754 375 lrbrdmrs
769 327 839 385 arte.

175 398 238 458 Qui
253 395 501 454 Lacedaemonium
516 396 663 470 pytismate
678 395 799 466 lubrie-ar
811 392 926 452 orbern:

177 474 310 549 Namque
325 475 363 531 ibi
378 473 516 544 Fortunae,
525 473 635 536 veniam
649 473 758 537 damus.
799 472 872 528 Alea
886 471 985 548 turpis,

178 552 277 628 Turpe
292 563 321 609 et
335 551 504 609 adulterium
518 550 714 614 mediocribus.
751 549 829 606 Haec
843 549 945 606 eadem
958 549 998 606 illi

166 631 284 689 'Omnia
297 648 384 703 quum
395 628 628 698 ,faciant-hilares
642 628 779 702 nitidique
793 637 938 694 vocantur.

178 705 285 765 Nostra
299 706 491 764 dabuntalios
505 705 588 764 bodie
602 706 730 764 convivia
743 705 841 762 ludos:

174 778 316 842 'Conditor
330 784 435 844 Iliados
448 783 615 854 cantabitur,
630 794 712 857 atque
726 779 854 842 Maronis

178 863 302 921 Altisoni
316 861 432 919 dubiam
445 861 580 918 facientia
592 861 718 918 carmina
730 861 874 936 palmam
929 907 932 912 Δ

178 940 367 1012 Quidrefert,
382 941 452 996 tales
466 957 561 996 versus
572 939 630 1013 qud
643 957 712 995 voce
725 939 875 1016 leganturl

219 1018 276 1076 Sed
292 1037 369 1074 nunc
384 1015 478 1074 dilatis
493 1027 586 1074 averte
600 1017 714 1096 negotia
727 1016 813 1087 curis,

179 1096 218 1154 Et
229 1107 338 1172 gratam
353 1095 478 1170 requiem
486 1095 566 1152 dona
579 1094 639 1164 tibi,
653 1095 766 1168 quando
779 1094 876 1152 licebit
926 1149 930 1154 ,

179 1174 234 1230 Per
247 1185 334 1232 totam
349 1191 459 1230 cessare
473 1173 565 1228 diem:
587 1191 644 1228 non
659 1171 773 1230 foenoris
787 1172 844 1230 ulla
878 1209 884 1214 -

180 1251 300 1324 Mentio,
315 1270 379 1322 nec,
393 1251 483 1327 prima
497 1250 520 1306 si
534 1249 735 1325 luceregressrq
750 1251 850 1310 reverti

180 1328 368 1400 Noctesolet,
381 1328 468 1386 tacito
478 1328 567 1386 bilem
580 1327 631 1384 tibi
645 1327 792 1386 contrahat
801 1327 925 1386 uxore-
1007 1354 1013 1360 ·

180 1407 318 1466 Proteuus
332 1418 397 1464 ante
411 1425 516 1478 meum,
529 1405 664 1481 quidquid
679 1406 764 1478 dolet,
778 1425 850 1464 exue
864 1407 968 1464 limen:

179 1484 260 1543 Pone
274 1486 389 1544 doniam
403 1495 432 1542 et
444 1503 548 1554 servos,
562 1494 591 1541 et
605 1484 740 1558 quidquid
754 1485 891 1560 frangitur
901 1483 967 1557 illis,

180 1563 241 1620 Aut
253 1564 342 1639 perit:
364 1563 488 1638 ingratos
501 1571 567 1620 ante
580 1561 676 1631 omnia
689 1582 762 1638 pone
774 1563 894 1620 sodales.

219 1641 332 1699 Interea
346 1640 544 1716 Megalesiacae
558 1640 719 1715 spectacula
732 1659 841 1717 mappae

119 1791 120 1794 Ἴ
180 1717 290 1776 Idaeum
304 1719 421 1776 solenne
436 1719 542 1790 colunt,
557 1718 710 1792 similisque
724 1719 867 1793 triumpho
935 1737 938 1746 ¹

94 1859 101 1870 ¹
180 1796 279 1854 Praeda
293 1796 464 1856 caballorum
478 1796 583 1854 Praetor
597 1797 693 1865 sedet3
715 1816 758 1866 ac,
772 1796 842 1853 mibi
855 1815 927 1870 pace
952 1869 954 1873 ι

181 1873 332 1933 Immeusae
347 1875 498 1949 nimiaeque
511 1873 578 1930 licet
591 1874 615 1930 si
629 1873 724 1930 dicere
737 1873 837 1948 plebis,

180 1951 285 2010 Totam
299 1953 382 2010 bodie
396 1953 520 2010 Romam
534 1953 627 2008 circus
640 1952 725 2026 capit,
739 1963 768 2008 et
779 1951 870 2028 fragor
884 1971 982 2010 aurem

180 2030 317 2106 Percutit‚
331 2042 464 2088 eventum
478 2029 575 2087 viridis
587 2049 643 2104 quo
656 2029 759 2108 colligo
773 2029 868 2106 panni.

181 2108 270 2180 Nam5
282 2107 306 2166 si
317 2109 461 2180 deficeret,
476 2119 605 2166 maestam
619 2109 820 2183 attonitamque
834 2109 945 2166 videres

181 2187 267 2244 Hanc
282 2187 391 2258 urbem,
405 2186 491 2244 veluti
505 2184 670 2243 Cannarum
684 2187 713 2243 in
728 2187 843 2262 pulvere
857 2185 940 2244 victis

125 2266 127 2272 '
181 2265 363 2322 Consulibus.
406 2266 542 2341 Specteut
552 2264 680 2340 juvenes,
694 2284 763 2338 quos
776 2265 882 2322 clamor
894 2274 926 2322 et
938 2265 1033 2326 audax

181 2343 313 2418 Sponsio,
327 2362 396 2418 quos
410 2342 493 2400 cultae
507 2343 591 2399 decet
604 2343 741 2400 assedisse
755 2343 872 2419 puellae3

183 2421 320 2495 Spectent
334 2422 390 2485 hoc
404 2433 508 2498 nuptae,
520 2418 601 2495 juxta
615 2423 768 2478 recubante
783 2422 893 2493 marito,

180 2497 268 2558 Quod
282 2500 387 2574 pudeat
400 2499 529 2556 narrasse
543 2498 663 2572 aliquem
678 2500 863 2574 presentibus
876 2501 952 2576 ipsis.

181 2575 286 2640 Nostra
300 2577 376 2634 bibat
389 2593 506 2635 vernum
520 2586 666 2634 contracto
679 2577 803 2634 cuticula
816 2577 914 2650 solem,

182 2654 362 2730 Effugiutque
376 2666 480 2731 togam.
522 2653 540 2709 J
543 2673 588 2710 am
600 2673 677 2710 nunc
691 2655 720 2712 in
735 2655 847 2726 balnea,
861 2655 938 2714 salvi

182 2731 298 2805 Fronte,
313 2733 381 2790 licet
395 2735 490 2803 vadas,
505 2749 667 2807 quanquam
680 2732 772 2790 solida
785 2733 853 2790 hora
866 2732 987 2809 supersit

182 2811 228 2867 Ad
244 2823 359 2868 sextam.
401 2811 509 2870 Facere
523 2811 648 2868 bocnon
661 2811 751 2886 possis
765 2810 890 2886 quinque
904 2811 1006 2869 diebus

182 2888 343 2962 Continuis,
357 2890 423 2964 quia
437 2899 502 2946 sunt
515 2889 580 2946 talis
593 2907 704 2964 quoque
717 2889 802 2947 tedia
816 2890 879 2948 vite
1111 2891 1163 2948 195

153 3015 155 3020 ,
183 2964 299 3043 Magna.
340 2967 507 3045 Voluptates
520 2968 700 3027 commendat
713 2969 888 3026 rariorusus.
910 3001 937 3031 ῃ
975 3009 979 3018 =

550 3280 708 3368 sauma
725 3281 796 3340 ΧΠ.

1045 3393 1049 3398 ’
1107 3394 1115 3423 l

221 3435 351 3508 Nasam,
366 3437 502 3511 Corvine,¹
512 3436 566 3495 die
572 3437 642 3494 mihi
656 3437 842 3496 dulcior'bec
854 3438 913 3510 lux,

180 3514 251 3576 Qut
265 3515 352 3573 festus
365 3515 501 3592 promissa
514 3515 576 3572 deis
590 3516 724 3573 animalia
737 3533 837 3589 cespes

181 3591 343 3670 Exspectat.
384 3592 507 3650 Niveam
520 3592 643 3668 Regiae
657 3593 789 3650 ducimus
802 3612 921 3670 agnam:

181 3671 236 3730 Par
249 3671 342 3730 vellus
356 3671 469 3730 dabitur
483 3670 622 3747 pugnanti
636 3671 769 3746 Gorgone
783 3669 887 3731 Mauri
992 3679 993 3685 ’

492 3749 538 3806 6*
688 3745 692 3754 '
