2572 4200
149 227 190 286 oa
289 235 336 299 gy
459 225 491 274 n.
509 189 816 276 rnnrriuvaarars

149 365 225 423 Tres
238 326 322 432 babet
335 366 469 424 haeredes.
511 368 594 425 Libet
607 333 779 442 aspectare,
793 367 855 442 quis
869 384 972 442 egram

153 441 188 500 m
202 444 379 500 claudentem
393 445 490 502 oculos
503 445 636 520 gallinam
650 443 796 519 impendat
809 445 900 502 amico

150 519 225 576 Tam
239 521 333 578 sterili.
375 519 483 580 Verbm
497 524 558 578 haec
572 522 660 578 nimia
673 533 715 578 est
728 522 872 596 impensa:
893 521 1023 580 coturnix
1088 523 1129 582 95
1221 520 1225 525 ’

149 597 238 654 Nulla
253 616 376 672 unquam
388 617 439 673 pro
451 611 529 674 patre
543 599 634 656 cadet.
675 597 787 656 Sentire
801 597 924 657 calorem
955 624 958 630 ·

151 675 182 731 Si
196 675 281 750 coepit
294 675 419 751 locuples
432 678 546 748 Gallim,
554 687 584 734 et
598 675 728 750 Pacciu,
742 675 814 747 orbi,

149 750 291 827 Legitima
300 751 367 809 'fixis
382 755 496 816 vestitur
509 765 566 814 tota
579 753 688 812 tabellis

149 829 296 886 Porticus:
317 830 464 904 exsistunt,
478 833 526 906 qui
539 832 701 908 promittant
715 831 911 903 hecatomben,
996 834 998 839 '

148 906 302 967 Quatenus
314 907 361 965 hic
375 921 512 968 nonsunt
526 928 580 966 nec
594 909 873 984 venaleselephanti,
1074 909 1129 966 100

148 983 215 1041 Nec
228 985 321 1056 Latio,
335 999 383 1044 aut
396 1006 514 1061 usquam
528 997 623 1052 nostro
638 987 691 1042 sub
705 986 796 1047 sidere
810 985 874 1043 talis

149 1063 247 1138 Bellna
261 1063 440 1138 concipitur,
454 1065 504 1122 sed
520 1065 598 1122 furva
611 1076 696 1139 gente
709 1065 796 1139 petita

148 1141 306 1197 Arboribus
320 1141 437 1198 Rutulis
450 1153 479 1199 et
492 1142 585 1200 Turni
594 1142 723 1217 'pascitur
738 1161 816 1218 agro,

149 1219 272 1275 Caes'aris
286 1232 453 1292 armentum,
467 1221 537 1278 nulli
552 1221 654 1277 servire
668 1231 796 1294 paratum
1095 1267 1096 1272 ,

149 1296 280 1353 Privato:
303 1297 440 1370 siquidem
454 1297 543 1372 Tyrio
556 1317 654 1372 parere
668 1297 797 1354 solebant
942 1345 948 1356 .
1073 1298 1129 1355 105

149 1373 314 1443 Hannibali,
329 1384 356 1430 et
371 1375 472 1432 nostris
485 1375 616 1446 ducibus,
630 1375 745 1448 regique
759 1373 894 1448 Molosso,
941 1404 945 1408 ·

150 1451 259 1508 Horum
273 1451 404 1525 majores,
419 1471 452 1508 ac
466 1452 549 1510 dorso
562 1452 634 1508 serre
648 1453 787 1522 cohortes,

149 1529 260 1585 Partem
275 1528 396 1602 aliquam
411 1530 486 1599 belli,
500 1541 529 1586 et
542 1541 656 1586 cuntem
671 1530 699 1586 in
713 1529 810 1605 proelia
823 1531 930 1588 turrim.

149 1604 238 1662 Nulla
251 1605 336 1680 igitur
350 1624 427 1664 mora
440 1627 489 1682 per
504 1607 637 1680 Novium,
652 1626 730 1664 mora
743 1608 821 1664 nulla
833 1627 882 1684 per
897 1608 1026 1666 Histrum

150 1683 315 1754 Pacuvium,
330 1684 398 1757 quin
413 1685 482 1741 illud
496 1686 565 1742 ebur
579 1687 698 1743 ducatur
712 1686 747 1742 ad
762 1705 834 1758 aras,
1072 1688 1130 1744 110

149 1762 187 1820 Et
201 1763 283 1819 cadat
296 1774 362 1819 ante
377 1762 448 1818 lares
462 1763 583 1834 Gallitae,
598 1764 711 1820 victima
724 1765 783 1822 sola

122 1879 123 1884 =
149 1840 252 1898 Tantis
266 1841 353 1915 digna
366 1840 436 1912 deis,
450 1852 479 1898 et
491 1842 679 1918 captatoribus
694 1843 801 1900 horum.
904 1899 908 1902 .

149 1919 231 1976 Alter
243 1919 329 1991 enim,
344 1917 367 1975 si
382 1920 522 1976 concedas
537 1932 669 1994 mactare,
682 1921 791 1978 vovebit

149 1996 194 2056 De
208 2010 294 2072 grege
308 2016 450 2054 servorum
464 2017 568 2073 magna
583 2011 629 2057 aut
644 1999 832 2074 pulcherrima
845 2016 963 2074 quaeque

149 2075 288 2152 Corpora3
309 2076 351 2132 vel
368 2077 462 2150 pueris
474 2087 503 2133 et
517 2077 655 2134 frontibus
669 2075 836 2146 ancillarum
1071 2077 1129 2134 115

149 2153 279 2230 Impon'et
293 2154 392 2222 vittas:
414 2167 451 2224 et,
466 2155 488 2210 si
502 2173 557 2228 qua
570 2166 614 2212 est
626 2155 732 2212 nubilis
745 2155 784 2212 illi

150 2230 298 2307 Iphigenia
311 2232 398 2302 dorni,
412 2233 490 2290 dabit
503 2232 577 2289 hanc
591 2233 740 2302 altaribus;
762 2233 814 2290 etsi

148 2309 215 2366 Non
230 2320 321 2383 sperat
334 2309 449 2384 tragice
464 2310 563 2367 lirrtiva
576 2310 686 2385 piacula
697 2329 794 2368 cervas.

148 2386 248 2444 Laudo
261 2405 357 2442 meum
371 2388 471 2458 civem,
486 2407 540 2444 nec
554 2407 685 2463 comparo
698 2399 866 2446 testamento

149 2463 228 2522 Mille
242 2475 332 2521 rates:
353 2483 428 2534 nam,
443 2465 466 2520 si
481 2466 634 2522 Libitinam
648 2467 766 2524 evaserit
777 2486 861 2542 aeger,
1070 2467 1130 2524 120

148 2543 262 2600 Delebit
275 2543 393 2614 tabulas,
408 2543 534 2600 inclusus
547 2563 660 2602 carcere
674 2563 775 2616 nassae,
828 2605 830 2611 ,
933 2586 935 2590 ·

149 2620 215 2679 Post
229 2621 358 2678 meritum
370 2619 439 2679 sano
454 2623 623 2694 mirandum,
635 2635 717 2700 atque
731 2621 827 2682 onmia
840 2622 893 2683 soli

150 2699 259 2758 Forsan
274 2699 396 2757 Pacuvio
412 2701 530 2758 breviter
543 2701 630 2758 dabit.
666 2701 725 2764 ,Ille
739 2700 876 2778 superbus

148 2777 268 2836 incedet
281 2779 361 2835 victis
374 2777 514 2836 rivalibus.
557 2777 634 2854 Ergo
648 2781 735 2852 vides,
749 2777 835 2853 qulam

148 2855 263 2914 Grande
276 2875 367 2931 operae
382 2858 500 2932 pretium
517 2858 601 2914 faciat
611 2859 740 2934 jugulata
754 2857 893 2932 Mycenis.
1071 2858 1129 2917 125

187 2934 271 2990 Vivat
286 2933 436 3009 Pacuvius,
450 2953 555 3008 quaesc,
569 2935 610 2991 vel
625 2935 747 2992 Nestora
760 2945 865 2993 totum:

148 3011 302 3082 Possideat,
316 3021 452 3085 quantum
467 3012 558 3086 rapuit
572 3011 666 3073 Nero:
688 3012 830 3069 montibus
845 3030 944 3069 aurum

146 3087 299 3167 Exaequet;
321 3078 465 3146 ncc'amet
477 3108 647 3164 quenquam,
661 3109 717 3168 nec
730 3100 838 3147 ametur
851 3090 887 3148 ab
901 3090 977 3150 ullol
