2572 4200
154 240 193 298 28
466 236 498 284 n.
515 235 611 283 sunu
629 233 823 282 JUVENALIS

154 377 284 436 Lubente
298 377 400 449 officio,
415 377 513 434 erudis
527 378 675 446 donandu;
697 398 751 436 nec
766 377 845 446 illud,

153 456 242 518 Quod
257 456 347 531 primia
361 475 411 532 pro
425 461 513 512 nocte
523 458 615 526 datur,
630 477 717 532 quum
731 456 814 513 lance
829 453 912 510 beati

154 535 293 605 Dacicus,
307 546 335 590 et
350 534 454 610 scripto
468 535 561 590 radiat
574 534 763 592 Germanicus
779 552 856 590 euro.

155 615 187 670 Si
201 614 252 670 tibi
267 613 432 688 simplicitas
447 612 554 682 uxoria,
569 613 682 670 deditus
696 613 747 670 uni

154 691 206 748 Est
221 693 349 759 animus3
371 690 505 748 submitte
519 702 605 765 caput
618 692 728 749 cervice
742 689 839 766 paratis

154 769 242 828 Ferre
253 769 371 849 jugum:
393 769 501 826 nullam
516 769 654 841 invenies,
669 789 731 844 quae
744 779 842 844 parcat
856 765 971 841 ampnti.

154 849 263 906 Ardeat
277 849 336 924 ipsa
351 844 428 916 licet,
444 846 591 904 tormentis
605 850 710 923 gaudet
725 847 846 914 amantis
939 880 947 890 -
1035 875 1038 885 ν

155 927 192 986 Et
206 927 310 1002 spoliis.
353 925 443 1001 Igitur
457 923 542 1001 longd
558 925 654 984 minim
668 927 745 983 utilis
759 926 800 982 illi

156 1005 240 1076 Uxor,
254 1005 381 1081 quisquis
395 1005 449 1060 erit
464 1005 555 1062 bonus
569 1006 764 1081 optandusque
778 1003 903 1060 maritus.

155 1083 204 1140 Nil
220 1103 344 1159 unquam
359 1083 447 1140 invita
462 1083 738 1159 donabiscoujuge:
759 1082 866 1139 vendes

154 1161 220 1220 Halo
233 1163 362 1219 obstante
376 1162 463 1219 nihil:
485 1162 566 1234 nihil,
578 1164 640 1219 haec
653 1163 677 1220 si
686 1161 772 1232 nolet,
786 1173 904 1218 emetur.

153 1239 227 1296 llaec
242 1241 320 1296 dabit
334 1240 471 1298 affectus:
495 1241 541 1298 ille
555 1240 722 1304 excludetur
738 1239 847 1296 amicus
867 1264 871 1270 ⁵

104 1356 107 1361 -
153 1318 171 1374 J
175 1337 220 1374 am
234 1319 338 1389 senior,
352 1319 434 1392 cujus
449 1315 565 1374 herbam
579 1331 628 1374 tua
639 1319 728 1393 janua
741 1317 820 1374 viditj

154 1395 294 1453 Testandi
308 1414 396 1470 quum
410 1395 611 1454 sitlenonibus
625 1409 708 1470 atque
723 1395 833 1452 lanistis

153 1475 294 1545 Libertas,
308 1485 337 1530 et
348 1473 419 1548 juris
434 1474 509 1532 idem
524 1475 671 1550 contingat
685 1493 798 1544 arenae3

153 1553 221 1610 Nou
236 1572 311 1610 unus
325 1552 376 1609 tibi
390 1552 484 1616 rivalis
498 1553 651 1610 dictabitur
666 1555 765 1610 haeres.

154 1632 233 1709 Pone
247 1650 364 1688 crucem
378 1650 466 1688 servo.
508 1630 615 1688 Meruit
630 1650 685 1706 quo
699 1631 822 1694 crimine
833 1641 930 1687 servus

155 1711 355 1786 Supplicium?
377 1709 440 1784 quis
454 1709 533 1766 testis
548 1711 647 1767 adest?
668 1711 731 1786 quis
745 1708 866 1766 detulitl
907 1705 997 1778 Audi,

154 1788 243 1846 Nulla
257 1808 383 1863 unquam
398 1789 433 1845 de
448 1800 537 1846 morte
548 1789 673 1846 hominis
687 1787 833 1846 cunctatio
845 1787 930 1861 longa
942 1794 994 1842 est.
1069 1796 1071 1802 '

154 1865 183 1924 Ο
197 1868 325 1938 demens,
341 1867 379 1925 ita
393 1886 490 1924 servus
505 1868 588 1924 homo
602 1869 666 1924 estl
688 1867 728 1924 nil
744 1867 852 1936 lecerit,
866 1876 943 1922 esto:

155 1945 221 2004 Hoc
235 1946 307 2016 volo,
322 1947 365 2002 sic
376 1946 473 2022 jubeo,
488 1946 524 2002 sit
537 1966 587 2022 pro
601 1946 710 2003 ratione
725 1945 862 2002 voluntas.
907 1971 910 1978 ·

194 2023 318 2099 Imperat
332 2021 400 2099 ergo
415 2024 491 2091 viro;
512 2025 561 2081 sed
576 2033 642 2080 mox
655 2025 717 2080 haec
730 2041 820 2098 regna
833 2019 975 2095 relinquit,

154 2100 356 2177 Permutatque
370 2104 478 2172 domos,
489 2113 518 2159 et
532 2101 662 2158 flammea
675 2101 816 2158 conterit:
838 2100 905 2157 inde

155 2181 286 2252 Advolat,
301 2192 330 2236 et
343 2181 428 2255 spreti
443 2180 544 2254 repetit
557 2179 675 2256 vestigia
689 2178 764 2235 lecti.
890 2187 892 2193 '

154 2258 279 2316 Ornatas
292 2256 380 2334 paulo
395 2256 462 2314 ante
478 2258 561 2327 sores,
576 2257 730 2331 pendentia
744 2256 846 2331 linquit
946 2321 948 2325 ⁸

154 2337 229 2393 Vela
243 2336 353 2407 domds,
368 2346 397 2394 et
411 2336 505 2393 adhuc
521 2335 624 2393 virides
638 2335 667 2392 in
682 2335 779 2392 limine
794 2352 894 2393 ramos.

155 2415 205 2471 Sic
219 2415 323 2472 crescit
336 2433 471 2471 numerus
484 2433 490 2482 ;
512 2414 554 2470 sic
569 2414 641 2471 liunt
653 2424 719 2470 octo
732 2413 825 2470 mariti

153 2491 292 2567 Quinque
305 2512 355 2568 per
370 2503 521 2548 autumnos
534 2511 540 2548 :
562 2492 643 2550 titulo
657 2512 701 2549 res
714 2491 802 2566 digna
815 2487 948 2566 sepulcri.

194 2571 380 2647 Desperanda
393 2571 443 2628 tibi
458 2569 535 2626 salva
549 2570 703 2629 eoncordia
716 2588 807 2626 socru.
867 2641 869 2648 s

154 2649 207 2707 Illa
221 2651 306 2707 docet
319 2649 414 2726 spoliis
428 2649 498 2708 nudi
512 2650 637 2726 gaudere
651 2648 761 2716 mariti;

154 2728 209 2785 Illa
223 2729 315 2801 docet,
330 2729 423 2786 missis
438 2748 454 2785 a
467 2739 630 2804 corruptore
644 2725 765 2798 tabellis,

154 2807 205 2864 Nil
220 2809 290 2866 rude
305 2827 359 2864 nec
374 2807 494 2883 simplex
507 2808 679 2865 rescribere:
702 2803 809 2881 decipit
823 2803 872 2861 illa

154 2885 305 2956 Custodes,
317 2897 365 2942 aut
379 2905 433 2941 aere
447 2886 561 2941 domat:
582 2894 652 2941 tunc
666 2903 782 2958 corpore
795 2901 864 2940 sano

154 2964 285 3021 Advocat
298 2963 494 3036 Archigenen,
508 2976 683 3038 onerosaque
697 2961 783 3036 pallia
793 2959 892 3035 jactat.

155 3041 279 3098 Abditus
292 3041 399 3098 interea
414 3039 483 3097 latet
497 3052 525 3096 et
539 3051 664 3096 secretus
679 3037 838 3096 adulter.-
891 3037 893 3042 ’

155 3117 273 3177 Scilicet
287 3130 444 3194 exspectas,
459 3129 490 3174 ut
504 3120 596 3180 tradat
610 3130 698 3176 mater
713 3119 845 3192 honestos

154 3199 251 3272 Atque
265 3197 335 3254 alios
349 3215 451 3268 mores,
465 3194 551 3272 quim
565 3215 635 3272 quos
643 3196 754 3253 -habetl
775 3193 844 3251 utile
858 3189 941 3269 porrd

154 3275 285 3336 Filiolam
299 3274 374 3350 turpi
387 3275 488 3332 vetulae
500 3276 654 3351 producere
664 3286 784 3350 turpem.

193 3355 282 3413 Nulla
296 3351 355 3410 ferd
371 3365 523 3424 causaest,
538 3353 637 3428 inquil
652 3372 709 3410 non
724 3351 840 3408 foemina
853 3351 931 3409 litem

54 3503 56 3508 ,
155 3423 285 3491 Moveril.
328 3432 456 3492 Accusat
472 3431 602 3504 Manilia,
617 3433 641 3488 si
655 3451 704 3489 rea
717 3450 774 3488 uon
789 3442 840 3488 est.

155 3513 339 3586 Componunt
351 3511 419 3587 ipsae
433 3531 482 3588 per
496 3531 537 3582 se,
551 3511 727 3584 formantque
741 3509 861 3580 libellos,

156 3589 332 3664 Principium
346 3602 429 3664 atque
443 3591 520 3648 locos
534 3589 620 3646 Celso
633 3589 741 3646 dictare
755 3598 868 3664 parate.

195 3667 385 3724 Endromidas
399 3667 512 3742 Tyrias,
526 3679 555 3725 et
570 3668 735 3725 stamineum
750 3684 863 3723 ceroma

155 3744 233 3806 Quis
246 3744 357 3804 nescitl
378 3746 421 3804 vel
435 3747 498 3821 quis
512 3765 569 3804 non
584 3747 653 3804 vidit
666 3746 784 3802 vulnera
796 3743 874 3819 palil
