2572 4200
152 259 192 318 ⁴2
468 257 500 307 D.
517 254 613 308 Juurr
630 255 825 308 JUl’ENALIS

153 399 249 457 Servis
262 419 350 476 regna
363 401 481 472 dabunt,
495 401 612 476 captivis
626 399 698 458 Fato
711 401 875 476 triumphos.

152 475 235 535 Felix
249 477 296 535 ille
310 490 405 537 tamen
420 498 504 536 corvo
516 497 625 554 quoqne
639 479 726 536 rarior
740 479 813 535 albo.

151 555 288 613 l’oenituit
301 557 403 614 multos
418 575 496 614 rane
510 553 666 630 sterilisque
681 556 833 627 cathedrae,

152 633 235 691 Sicut
250 634 458 710 Thrasymachr'
473 633 571 709 probat
584 635 685 705 exitus,
700 644 783 708 atque
798 632 924 690 Secundi

152 705 324 769 Carrinatis:
345 724 373 770 et
388 713 465 768 hunc
479 712 591 786 inopem
605 711 723 784 vidistis,
738 712 871 784 Athenae,
1074 711 1135 770 ωδ

151 785 202 846 Nil
215 801 317 866 preter
330 790 438 865 gelidas
451 809 527 846 ausa²
540 789 669 847 conferre
683 789 800 846 cicutas.
865 833 870 840 .

152 866 201 938 Di,
215 868 353 943 majorum
365 867 474 924 umbris
487 877 604 924 tenuem
619 878 649 924 et
664 868 726 925 sine
739 865 866 943 pondere
880 877 994 941 terram,

152 945 352 1021 spirantesque
366 963 473 1016 crocos,
488 955 518 1002 et
531 945 560 1001 in
574 946 647 1002 urni
660 948 827 1020 perpetuum
842 963 899 1018 ver,
937 963 939 966 ·

150 1021 213 1084 Qui
226 1033 426 1099 preceptorem
441 1023 531 1080 sancti
546 1021 660 1081 roludre
674 1023 808 1098 parentis»

151 1098 222 1158 Esse
236 1102 306 1158 loco.
348 1101 581 1176 Metuensvirgae
592 1101 650 1177 jam
664 1101 779 1178 grandis
793 1099 922 1159 Achilles
1072 1097 1132 1180 210

151 1178 292 1237 Cantabat
304 1180 402 1254 patriis
416 1179 445 1236 iu
460 1179 619 1237 montibus:
640 1191 669 1236 et
682 1181 730 1237 cui
744 1189 801 1237 non
814 1191 884 1238 tuno

152 1255 277 1314 Eliceret
292 1259 380 1314 risum
393 1258 541 1315 citharoedi
554 1259 646 1314 cauda
660 1258 805 1334 magistri?

152 1333 210 1389 Sed
224 1333 334 1392 Rufum
349 1346 432 1409 atque
446 1335 515 1392 alios
529 1334 613 1392 cedit
627 1353 679 1391 sua
691 1351 809 1410 queque
821 1336 973 1412 juventus:

151 1410 274 1484 Rufum,
288 1413 336 1486 qui
349 1413 431 1469 toties
445 1412 614 1468 Ciceronem
628 1412 782 1488 Allobroga
796 1413 874 1471 dixit.

176 1488 265 1550 'Quis
279 1491 387 1565 gremio
400 1489 538 1546 Enceladi
553 1488 683 1564 doctique
698 1490 866 1548 Palaemonis
881 1489 961 1548 affert
1071 1491 1131 1550 215

150 1565 301 1627 Quantum
315 1567 516 1644 grammaticus
530 1569 631 1625 meruit
644 1569 742 1625 laborl
762 1578 898 1625 ettamen
913 1587 949 1626 ex
962 1569 1029 1640 hoo,

149 1643 351 1720 Quodcunque
364 1657 416 1717 est,
432 1645 541 1738 (minus
554 1655 596 1702 est
610 1655 714 1717 autem,
728 1644 812 1721 quim
827 1647 947 1704 rhetoris
960 1646 1029 1722 era)

150 1720 290 1799 Discipuli
301 1733 395 1780 custos
408 1725 576 1800 praemordet
590 1724 815 1796 Acoenonoiitns‚
872 1741 875 1750 ⁴

37 1823 40 1828 ·
150 1797 198 1872 Et,
212 1802 260 1876 qui
275 1802 428 1878 dispensat,
443 1803 552 1878 franget
566 1799 627 1859 sibi.
669 1802 759 1874 Cede,
774 1802 928 1874 Palemon,
1013 1807 1015 1816 ‘

150 1878 188 1937 Et
199 1892 295 1956 patere
310 1881 377 1948 inde
391 1881 496 1958 aliquid
510 1881 684 1953 decrescere,
699 1899 756 1938 non
771 1881 860 1953 aliter,
874 1879 959 1956 quim
1070 1879 1131 1941 &20

149 1955 265 2015 Institor
279 1959 404 2016 hibernae
417 1959 518 2036 tegetis
532 1959 661 2034 niveique
676 1959 804 2030 cadurci,

148 2033 311 2095 Dummodo
324 2057 380 2096 non
395 2048 500 2112 pereat,
515 2037 615 2094 mediae
629 2034 704 2112 quod
719 2038 811 2095 noctis
824 2037 861 2094 ab
874 2037 943 2096 hori

149 2113 265 2186 Sedisti,
278 2115 334 2190 qud
347 2133 432 2173 nemo
445 2116 532 2187 faber,
546 2116 602 2190 qui
616 2133 700 2173 nemo
713 2117 834 2189 sederet,

146 2190 209 2252 Qui
219 2192 308 2250 docet'
315 2193 428 2268 obliquo
441 2193 535 2249 lanam
550 2193 691 2250 deducere
705 2193 794 2262 serro;

147 2266 310 2328 Dummodo
324 2290 380 2327 non
395 2267 491 2345 pereat
504 2270 621 2327 totidem
635 2271 764 2328 olfecisse
777 2272 917 2344 lucernas,

147 2346 228 2408 Quot
241 2349 353 2406 stabant
365 2348 455 2423 pueri,
469 2365 556 2421 quum
570 2358 645 2405 totus
660 2349 860 2408 decolorasset

148 2421 278 2497 Flaccus,
293 2426 453 2483 etlraereret
465 2427 548 2500 nigro
563 2426 649 2501 fiiligo
663 2425 783 2484 Maroni.
877 2490 880 2496 Ἰ

147 2501 227 2561 Rara
240 2497 335 2561 ta'men
350 2521 468 2574 merces,
482 2521 545 2578 que
560 2505 721 2580 cognitione
735 2505 840 2562 tribuni

146 2579 213 2639 Non
229 2593 320 2656 egeat.
362 2582 419 2640 Sed
433 2600 482 2639 ros
494 2599 582 2640 seras
596 2583 731 2658 imponite
745 2583 833 2660 leges,

146 2655 185 2716 Ut
197 2661 362 2736 preceptori
376 2660 524 2718 verborum
538 2660 636 2738 regula
650 2671 769 2733 constet,
813 2667 816 2674 '

145 2737 185 2794 Ut
197 2738 273 2814 legat
287 2739 425 2811 historias,
439 2750 569 2797 auctores
583 2740 691 2798 noverit
703 2757 813 2812 omnes,

146 2810 296 2890 Tanquam
312 2836 421 2891 ungues
435 2817 593 2892 digitosque
607 2837 689 2886 suos;
711 2830 742 2875 ut
757 2815 827 2875 fort&
845 2829 969 2893 rogatus,

145 2892 223 2950 Dum
237 2894 306 2969 petit
320 2905 368 2950 aut
380 2895 504 2951 thermas
519 2906 567 2952 aut
577 2895 677 2954 Phoebi
691 2895 801 2966 balnea,
816 2896 892 2953 dicat
1063 2895 1065 2898 ’

144 2970 294 3028 Nutricem
309 2971 455 3042 Anchisae,
470 2990 573 3027 nomen
588 2973 762 3048 patriamque
776 2989 905 3029 novercae

145 3048 316 3107 Anchemoli
328 3069 335 3118 ;
356 3048 442 3120 dicat,
456 3059 523 3122 quot
538 3048 658 3106 Acestes
672 3049 771 3106 vixerit
784 3067 884 3118 anuos,

143 3126 224 3188 Quot
239 3126 353 3184 Siculus
366 3124 525 3202 Phrygibus
538 3127 596 3184 vini
610 3127 756 3184 donaverit
769 3145 862 3185 urnas.

144 3204 268 3280 Exigite,
283 3215 314 3262 ut
328 3223 420 3262 mores
433 3216 545 3262 teneros
559 3224 613 3262 ceu
626 3205 728 3282 pollice
742 3206 838 3278 ducat,

143 3283 183 3340 Ut
196 3283 220 3340 si
233 3282 296 3356 quis
310 3283 376 3340 cerii
390 3283 497 3340 vultum
511 3283 597 3340 lacit:
618 3283 734 3360 exigite,
749 3296 780 3342 ut
793 3285 830 3344 sit

101 3385 105 3396 ¹
144 3360 182 3420 Et
194 3372 274 3438 pater
287 3361 375 3438 ipsius
386 3360 487 3434 cretus,
502 3381 539 3418 ne
553 3363 647 3437 turpia
660 3363 811 3420 ludant.-

145 3439 227 3512 Haec,
243 3441 343 3515 inquit,
357 3460 455 3510 cures;
477 3450 515 3513 et,
528 3459 614 3516 quum
629 3461 660 3498 se
674 3443 787 3500 verterit
800 3459 902 3515 mnus,

144 3518 265 3593 Accipe,
281 3519 378 3578 victori
392 3519 513 3599 populus
526 3519 601 3597 quod
614 3520 746 3598 postulat,
760 3539 869 3581 aurum.
