2572 4200
313 558 988 686 o.ruu11iuvnnlars

569 865 733 912 somnam

465 1089 837 1156 SATlRARUM

492 1341 596 1416 arnan
612 1341 805 1395 saouunus.

532 1772 691 1838 SATIRA
714 1771 767 1830 VI.

196 1929 305 1988 Ounno
318 1929 485 2006 pudicitiam
501 1931 623 1988 Saturno
636 1949 703 2020 rege
717 1940 853 1988 moratam

157 2007 193 2066 In
206 2007 299 2081 terris,
313 2008 457 2083 visamque
471 2007 532 2081 did,
545 2029 632 2084 quum
648 2009 750 2084 frigida
768 2027 867 2084 parvas

157 2087 303 2145 l’raeberet
316 2087 453 2162 spelunca
466 2087 576 2158 domos,
591 2089 752 2164 ignemque,
767 2087 920 2161 laremque,

156 2163 195 2223 Et
208 2184 306 2240 pecus,
320 2175 349 2221 et
362 2164 493 2222 dominos
507 2166 652 2222 communi
666 2165 814 2222 clauderet
828 2166 945 2234 umbri;

157 2243 321 2301 silvestrem
334 2255 469 2300 montana
483 2256 576 2300 torum
590 2263 677 2319 quum
692 2256 830 2312 sterneret
841 2263 911 2301 uxor

156 2321 319 2378 Frondibus
333 2333 361 2378 et
376 2322 481 2393 culmo,
496 2318 708 2398 vicinarumque
724 2323 848 2380 serarum

156 2399 300 2468 Pellibus3
322 2400 398 2456 haud
413 2399 513 2457 similia
527 2401 588 2472 tibi,
603 2402 738 2476 Cynthia,
753 2420 807 2458 nec
821 2401 882 2473 tibi,
897 2400 978 2476 cujus

156 2477 298 2537 Turbavit
311 2477 415 2536 nitidos
429 2479 586 2536 exstinctus
599 2500 694 2556 passer
708 2480 828 2549 ocellos;
861 2499 865 2508 ·

157 2559 215 2616 Sed
229 2557 352 2633 potanda
366 2557 459 2615 serens
474 2557 629 2615 infantibus
643 2559 731 2616 ubera
744 2559 865 2632 magnis,
961 2613 967 2624 ,

155 2636 195 2695 Et
208 2634 284 2714 saepe
299 2635 437 2694 horridior
451 2637 585 2714 glandem
600 2649 731 2695 ructante
745 2637 866 2694 marita·

155 2715 273 2792 Quippe
288 2715 370 2774 aliter
383 2728 453 2773 tunc
464 2718 531 2774 orbe
545 2737 618 2774 novo
631 2715 759 2792 coeloque
774 2715 882 2773 recenti

156 2795 300 2853 Vivebant
314 2794 453 2866 nominee,
467 2796 515 2868 qui
529 2808 611 2871 rupto
625 2795 808 2866 roborenati,

156 2871 349 2949 Compositive
363 2872 431 2944 luto,
445 2873 538 2930 nullos
552 2873 678 2930 habuere
691 2883 832 2949 parentes.

156 2951 250 3009 Multa
262 2950 408 3027 pudicitiae
422 2951 523 3008 veteris
537 2951 654 3024 vestigia
669 2951 771 3022 forsan,

156 3031 218 3087 Aut
231 3029 326 3105 aliqua
338 3030 507 3099 exstiterint,
520 3040 549 3086 et
563 3030 615 3086 sub
627 3029 715 3099 Jove;
738 3030 788 3086 sed
802 3029 872 3086 Jove
886 3030 1014 3087 nondum

156 3109 290 3180 Barbato,
305 3109 432 3166 nondum
446 3108 556 3165 Graecis
567 3109 663 3183 jurare
676 3109 781 3184 paratis

156 3187 212 3246 Per
226 3199 313 3264 caput
326 3187 450 3258 alterius,
463 3206 551 3262 quum
565 3187 655 3244 lurein
670 3207 755 3245 nemo
767 3188 880 3244 timeret

157 3266 307 3339 Caulibus,
322 3277 371 3324 aut
383 3267 484 3341 pomis,
498 3278 527 3322 et
542 3277 638 3342 aperto
652 3267 756 3324 viveret
770 3267 860 3324 horto.

157 3346 300 3404 Paulatim
314 3345 419 3403 deinde
433 3345 469 3402 ad
484 3363 601 3420 superos
616 3345 726 3406 Astraea
740 3345 858 3403 recessit

157 3425 225 3484 Hae
239 3426 353 3498 comite,
367 3436 450 3500 atque
464 3425 528 3481 duae
541 3424 645 3498 pariter
660 3423 758 3500 sugere
773 3445 889 3482 sorores.
1021 3491 1030 3506 ἱ

157 3505 317 3579 Antiquum
331 3514 360 3561 et
374 3517 453 3562 vetus
466 3515 518 3574 est,
533 3503 668 3575 alienum,
683 3503 827 3576 Postume,
842 3504 947 3560 lectum

158 3583 330 3660 Concutere,
345 3593 429 3658 atque
442 3583 515 3640 sacri
529 3582 645 3658 genium
660 3596 842 3640 contemnere
858 3581 948 3639 fulcri.

157 3661 253 3724 Omne
267 3661 343 3718 aliud
358 3663 466 3728 crimen
482 3681 547 3719 mox
562 3661 650 3719 ferrea
665 3663 779 3737 protulit
793 3673 877 3718 aetas:

158 3739 300 3798 Viderunt
313 3739 418 3815 primos
432 3753 566 3816 argentea
579 3741 684 3798 saecula
697 3741 832 3797 moechos.
