2572 4200
552 241 673 295 samua
692 239 753 295 Xll.

14 414 23 427 ·
125 401 128 406 '
162 385 221 450 Sed
234 390 302 448 vitio
316 387 386 447 caeci
399 399 511 466 propter
524 387 691 463 patrimonia
705 386 808 444 vivunt.

163 468 292 538 »lactatur
306 486 399 525 rerum
414 466 525 522 utilium
534 479 603 541 pars
617 465 755 521 maximat
776 465 825 520 sed
840 476 895 520 nec

163 539 276 604 Damna
289 547 391 602 levant.
432 536 530 615 thoe,
544 543 668 600 adversis
681 541 857 616 urgentibus,
871 539 940 600 illuc

163 623 291 695 Recidit,
305 633 335 679 ut
348 621 453 678 malum
468 621 540 677 ferro
553 619 739 690 submitteret,
754 639 788 676 ao
802 638 832 675 se

164 699 294 777 Explicat
307 711 466 776 angustum.
507 696 688 754 Discriminis
702 697 799 754 ultima
812 696 926 774 quando
979 760 982 766 ,

165 779 300 836 Presidia
313 776 465 846 afferimus,
480 794 580 832 navem
595 775 705 832 iactura
719 775 865 832 minorem.
962 793 964 798 ·

165 849 179 912 l
193 869 282 927 nunc,
296 866 325 911 et
339 854 430 910 ventis
442 849 565 910 animam
579 845 733 926 committe,
748 849 842 910 dolato

164 934 298 990 Confisus
311 932 400 1007 ligno,
415 931 511 1006 digitis
525 949 542 987 a
555 931 643 1008 morte
657 941 781 987 remotus

163 1011 305 1082 Quamor,
320 1020 369 1066 aut
382 1020 499 1084 septem,
513 1008 536 1065 si
551 1009 586 1064 sit
599 1008 733 1064 latissima
746 1007 836 1065 taeda!

164 1086 233 1146 Mox
247 1106 313 1145 com
326 1087 462 1158 reticulis,
476 1097 504 1142 et
517 1105 599 1161 pane,
615 1097 643 1142 et
657 1095 753 1142 ventre
767 1086 886 1160 lagena,

164 1166 290 1241 Adspice
304 1166 455 1221 sumendos
469 1164 499 1220 in
514 1174 678 1238 tempestate
691 1181 813 1220 secures.
903 1167 905 1172 '

165 1244 221 1312 Sed
235 1246 381 1318 postquam
393 1241 611 1316 jacuitplanum
625 1256 710 1311 mare,
725 1252 850 1316 tempora
862 1251 1010 1316 postquam

163 1321 302 1395 Prospera
313 1321 441 1390 vectoris,
453 1319 595 1394 fatumque
610 1319 747 1374 valentius
761 1318 838 1376 Euro

164 1399 202 1456 Et
214 1398 324 1474 pelago,
338 1410 483 1473 postquam
498 1396 593 1453 Parcae
608 1397 723 1453 meliora
738 1395 860 1471 benigni

163 1477 255 1534 Pensa
270 1493 355 1531 manu
369 1476 477 1531 ducunt
491 1474 601 1544 hilares,
616 1486 644 1530 et
658 1474 785 1532 staminis
800 1475 856 1533 albi
887 1499 889 1503 ’

163 1549 308 1624 Lanificae,
323 1552 435 1610 modica
446 1538 499 1608 nee
513 1550 631 1610 multdm
647 1553 741 1610 sortior
755 1553 823 1610 auri

163 1631 274 1688 Ventus
288 1631 385 1688 adeat:
407 1631 483 1705 inopi
497 1631 663 1687 miserabilis
676 1642 735 1688 arte
749 1629 874 1688 cucurrit

162 1709 298 1766 Vestibus
311 1709 441 1780 extentis,
454 1719 493 1779 et,
507 1709 580 1782 quod
595 1718 773 1784 superaverat
786 1727 885 1781 unum,
981 1731 984 1740 ¹

162 1787 235 1845 Volo
249 1806 329 1862 prora
343 1805 402 1846 suo.
443 1785 507 1842 Jam
522 1786 718 1844 deficientibus
731 1786 854 1857 ¹«lustris,

161 1864 236 1941 Spes
249 1865 312 1921 vitre
325 1883 390 1922 cum
405 1864 462 1921 sole
476 1862 564 1921 redit:
584 1874 644 1920 tum
657 1875 753 1940 gratus
766 1863 839 1935 Iulo,

162 1943 257 2018 Atque
272 1943 413 2000 novercali
426 1943 508 1998 sedes
520 1942 633 2018 praelata
647 1942 763 2011 Lavino,
841 1941 843 1944 ’

162 2020 344 2096 Conspicitur
356 2019 483 2078 sublimis
498 2039 577 2096 apex,
591 2021 638 2076 cui
652 2021 774 2076 candida
787 2038 891 2077 nomeu

161 2099 262 2156 Scrofa
275 2099 362 2171 dedit,
377 2098 448 2155 laetis
460 2098 619 2174 Phrygibus
632 2097 765 2155 mirabile
774 2110 885 2170 sumen,

162 2177 200 2234 Et
213 2195 358 2253 uunquam
371 2177 437 2233 visis
450 2176 565 2252 triginta
578 2177 653 2234 clara
666 2175 806 2235 mamillis.

161 2253 296 2311 Tandem
310 2255 394 2313 intrat
406 2255 510 2330 positas
524 2254 633 2312 inclusa
646 2275 695 2330 per
710 2273 820 2329 aequora
833 2255 931 2334 moles,

160 2333 396 2408 Tyrrhenamque
410 2331 532 2403 Pharon,
547 2346 729 2408 porrectaque
739 2334 858 2394 ,brachia
871 2352 992 2408 rursum,

160 2412 237 2473 Qum
249 2411 351 2486 pelago
364 2422 517 2468 occurrunt
531 2412 633 2483 medin,
648 2409 787 2487 longdque
802 2412 965 2488 relinquunt
1102 2413 1141 2472 76

161 2487 283 2546 ltaliam.
324 2487 390 2546 Non
406 2489 447 2546 sic
461 2489 546 2565 igitur
560 2491 696 2548 mirabere
709 2501 814 2566 portus,
1085 2485 1123 2514 ''

158 2568 244 2630 Quos
259 2577 357 2626 natura
370 2568 456 2624 dedit
498 2567 555 2624 Sed
570 2569 671 2625 truncti
684 2586 777 2644 puppe
792 2567 925 2646 magister

162 2645 300 2702 Interiora
313 2646 381 2722 petit
395 2645 510 2703 baiano
523 2645 617 2721 pervia
631 2646 738 2719 cymbae

161 2723 233 2780 Tuti
247 2735 346 2800 stagna
361 2723 447 2780 sindo.
488 2724 622 2780 Gaudent
636 2723 674 2780 ibi
689 2726 792 2782 vertice
804 2743 867 2782 raso

159 2801 283 2859 Garrula
296 2802 388 2859 securi
402 2819 515 2858 narrare
529 2801 654 2878 pericula
667 2803 769 2860 nau‘tae.

161 2877 207 2937 lte
220 2880 315 2956 igitur,
328 2880 417 2954 pueri,
430 2879 535 2956 linguis
548 2880 704 2955 animisque
719 2879 853 2955 faventes,

161 2959 299 3033 Sertaque
314 2957 438 3016 delubris
452 2969 480 3014 et
494 2957 566 3016 sarra
579 2959 714 3034 imponite
728 2960 834 3032 cultris,

162 3036 209 3093 Ac
223 3037 322 3094 molles
334 3047 431 3094 ornate
446 3037 522 3094 focos
535 3037 702 3112 glebamque
713 3037 866 3096 virentem:

160 3113 227 3172 Jam
242 3133 353 3190 sequar,
366 3126 395 3171 et
407 3133 497 3187 sacro,
510 3115 584 3190 quod
598 3127 719 3190 prestat,
734 3115 788 3174 rite
802 3127 926 3192 peracto,

163 3190 235 3250 lndd
250 3193 365 3250 domum
378 3204 512 3281 repetam,
525 3193 645 3268 graciles
660 3195 708 3252 ubi
721 3213 807 3270 parva
820 3213 939 3253 coronas

166 3269 320 3346 Accipiunt
333 3271 423 3346 fragili
437 3270 589 3328 simulacra
602 3272 721 3330 nitentia
734 3273 808 3330 certi.

163 3347 221 3407 Hic
235 3360 361 3406 nostrum
375 3347 491 3424 placabo
505 3348 614 3421 lovem,
629 3349 788 3425 laribusque
801 3350 927 3427 paternis
965 3397 968 3403 .

163 3425 264 3484 Thura
278 3427 362 3498 dabo,
378 3437 460 3501 atquo
473 3445 572 3484 omnes
588 3427 667 3486 viche
679 3428 792 3503 jactabo
805 3429 921 3486 colores.

161 3504 275 3563 Cuncta
289 3503 396 3561 nitent:
416 3503 514 3578 longos
528 3506 617 3562 erexit
627 3505 715 3580 janua
728 3524 830 3578 ramos,

161 3581 199 3639 Et
212 3582 359 3640 matutinis
370 3592 500 3656 operatur
515 3582 585 3638 festa
597 3582 729 3640 lucernis.

201 3659 266 3718 Nec
281 3671 411 3735 suspecta
424 3659 475 3716 tibi
489 3659 545 3715 sint
559 3659 629 3731 hanc,
641 3659 772 3719 Corvino.
813 3661 943 3720 Catullus

161 3738 216 3798 Pro
230 3739 312 3814 cujus
326 3735 416 3794 reditu
431 3748 471 3794 tot
484 3756 558 3814 pono
571 3737 679 3811 altaria,
692 3757 791 3818 parvos
