2614 4186
157 253 197 316 ἸΒ
474 255 506 304 D.
523 255 620 304 JUNll
637 253 829 310 rquNnus

157 395 232 452 Sunt
244 394 374 469 quedem
389 393 518 452 vitiorum
532 395 756 454 elemente:.l1is
769 394 904 470 protenus
917 394 980 452 illes

156 472 273 543 Imbuit,
288 483 316 530 et
329 473 406 548 cogit
419 473 550 530 minimas
564 474 690 530 ediscere
705 474 809 529 sordes.

157 549 227 622 Mox
241 550 406 624 acquirendi
420 551 504 608 docet
517 551 674 607 insatiabile
688 563 793 608 retum.
853 543 857 552 ’
1087 549 1146 608 125

158 627 308 688 serrorum
323 639 434 685 ventres
447 628 541 685 modio
555 628 674 702 castiget
685 627 791 702 iniquo,

157 704 223 780 Ipse
236 725 346 780 quoque
361 706 505 762 esuriens:
526 722 618 778 neque
632 706 709 762 enim
723 705 819 762 omnis
833 705 953 764 sustinet
965 723 1091 780 unquam

157 781 277 840 Mucide
290 783 405 840 cerulei
420 784 501 858 penis
514 801 682 840 consumere
696 782 794 854 frusta,
1145 799 1147 809 ¹

158 860 334 918 Hesternum
348 861 446 918 solitus
460 861 554 928 medio
568 880 678 917 servare
692 860 810 918 minutal

158 939 332 1013 Septembri:
354 957 479 996 necnon
494 937 607 998 differre
622 939 650 996 in
665 949 792 1013 tempore
805 957 895 996 coenre
1089 937 1147 996 1³⁰

158 1016 285 1072 Alterius
299 1018 437 1090 conchem
449 1013 572 1073 estivam
587 1035 652 1072 cum
666 1028 745 1092 parte
759 1016 856 1074 lacerti

158 1093 316 1169 signatam,
332 1094 373 1151 vel
389 1095 506 1152 dimidio
518 1095 649 1170 putrique
663 1095 759 1165 silure,

159 1171 276 1246 Fileque
291 1172 389 1229 sectivi
404 1183 552 1230 numerate
566 1172 713 1229 includere
726 1171 809 1248 porri.

119 1275 121 1280 ·
158 1249 297 1306 Invitatus
311 1251 347 1306 ed
361 1251 424 1306 lraec
438 1251 537 1324 aliquis
551 1251 586 1306 de
601 1261 685 1324 ponte
700 1249 823 1326 negebit

159 1328 216 1384 Sed
230 1324 286 1402 qud
301 1327 412 1384 divitias
426 1329 488 1383 hec
501 1347 550 1402 per
564 1337 705 1384 tormenta
718 1339 841 1398 coactas,
1089 1327 1147 1386 135

157 1403 258 1465 Quum
273 1405 348 1460 furor
362 1405 436 1460 haud
451 1405 564 1474 dubius,
580 1423 666 1494 quum
680 1405 716 1460 sit
730 1405 879 1462 manifeste
891 1405 1047 1480 phrenesis,

158 1481 195 1538 Ut
210 1482 335 1556 locuples
346 1483 473 1539 moriaris
476 1482 608 1557 ‚egentis
622 1484 714 1538 vivere
729 1482 807 1539 fetcl

158 1559 271 1616 Interea
284 1559 368 1634 pleno
381 1579 468 1634 quum
482 1570 577 1635 turget
588 1560 720 1616 sacculus
733 1579 792 1630 ore,

158 1637 272 1693 Crescit
286 1655 363 1695 emor
377 1639 486 1694 nummi
489 1636 649 1712 ‚quantum
663 1639 723 1714 ipse
737 1638 861 1734 pecunie
875 1638 979 1697 crevit·
971 1681 979 1708 ,

132 1756 135 1761 ·
158 1715 196 1772 Et
210 1713 304 1772 minus
319 1715 394 1771 hanc
407 1727 494 1791 optat,
508 1717 556 1791 qui
571 1735 628 1774 non
643 1717 736 1773 habet.
779 1713 857 1792 Ergb
871 1727 986 1792 paratur
1089 1715 1147 1774 140

123 1797 125 1801 ’
159 1793 259 1850 Altera
272 1793 337 1850 ville
351 1793 402 1851 tibi
405 1813 514 1868 ‚quum
527 1813 576 1852 rus
590 1813 646 1852 non
661 1793 764 1851 sufficit
778 1813 877 1866 unum,

126 1885 132 1910 ¹
159 1868 196 1928 Et
209 1872 347 1961 prolerre·
345 1872 414 1929 libet
427 1871 517 1942 fines;
539 1873 681 1950 majorque
695 1873 805 1930 videtur

159 1949 197 2007 Et
210 1950 347 2008 melior
323 1951 416 2007 vicina
429 1970 529 2027 seges:
551 1951 686 2009 mercaris
699 1963 728 2008 et
743 1953 827 2024 hanc,
841 1961 870 2010 et
940 2017 945 2029 ·

71 2101 75 2109 ὁ
159 2028 295 2101 Arbuste‚
309 2039 338 2085 et
351 2029 440 2085 dense
454 2041 579 2087 montem
593 2030 641 2104 qui
655 2042 739 2087 cenet
748 2030 830 2087 clivi.

158 2105 327 2166 Quorum
305 2127 328 2163 sr
343 2107 431 2181 pretio
445 2107 577 2165 dominus
590 2127 648 2166 non
663 2107 784 2165 vincitur
798 2108 866 2180 ullo,

159 2183 253 2241 Nocte
268 2186 351 2242 boves
365 2184 452 2253 macri
456 2185 602 2260 ,lassoque
618 2186 746 2243 famelica
759 2186 833 2244 ccllc

158 2262 294 2319 lumenta
308 2260 343 2319 ad
359 2230 463 2318 virides
476 2263 559 2340 hujus
573 2265 719 2321 mittentur
734 2265 848 2334 aristas3

159 2338 223 2396 Nec
236 2338 315 2416 pride
329 2340 394 2396 inde
409 2339 522 2396 domum
527 2341 634 2416 ,quim
647 2352 705 2399 tote
718 2341 829 2399 novalia
843 2360 931 2400 steros

159 2417 194 2474 In
209 2430 318 2475 ventres
333 2417 445 2487 abeant,
460 2428 491 2474 ut
504 2386 603 2476 ciedes
618 2419 738 2476 ielcibus
751 2431 855 2477 ectum.

158 2495 301 2553 Dicere
276 2515 322 2552 ιιι
335 2495 434 2570 possis,
448 2493 533 2570 qudm
550 2497 629 2554 multi
643 2497 710 2554 telin
723 2498 842 2573 plorent,

159 2573 197 2631 Et
209 2585 277 2648 quot
291 2573 405 2630 venales
421 2574 523 2650 injurie
536 2575 635 2633 fecerit
648 2595 739 2651 egros.

160 2654 217 2709 Sed
230 2653 278 2726 qui
295 2655 458 2710 sermonesl
478 2653 564 2730 quem
578 2654 660 2712 ioedre
676 2655 799 2712 buccina
813 2654 915 2713 lameri

160 2731 239 2792 Quid
256 2741 340 2788 nocet
355 2731 431 2788 beel
453 2733 553 2807 inquit.
595 2731 740 2790 'Punicam
756 2733 826 2790 mihi
839 2733 914 2791 malo
927 2732 1029 2809 lupini,

158 2809 258 2871 Quim
273 2810 297 2866 si
313 2829 359 2866 me
374 2821 432 2868 toto
445 2810 544 2869 laudet
557 2811 661 2868 vicinia
670 2831 753 2887 pago,

159 2888 263 2964 Exigui
278 2887 351 2944 ruris
364 2888 535 2962 paucissima
549 2889 622 2946 serre
635 2901 789 2946 secantem.

160 2967 278 3024 Scilicet
291 2975 320 3022 et
335 2966 439 3023 morbis
452 2976 481 3022 et
494 2965 639 3023 debilitate
655 2967 774 3038 carebis,

160 3044 197 3102 Et
211 3045 320 3100 luctum
333 3054 361 3100 et
376 3062 471 3100 curem
487 3043 615 3120 effugies,
625 3055 654 3100 et
667 3056 793 3118 tempore
807 3043 870 3101 riter

159 3123 260 3198 Longe
272 3122 323 3178 tibi
336 3132 399 3197 post
413 3122 476 3177 herc
490 3122 546 3179 sete
559 3122 676 3178 meliore
689 3116 858 3193 dabuntur,

160 3202 192 3260 Si
205 3211 316 3260 tentum
330 3199 399 3257 culti
413 3199 489 3257 solus
502 3201 661 3276 possederis
675 3199 746 3276 egri,

94 3349 97 3357 1
159 3281 309 3342 Quantum
325 3278 378 3335 sub
392 3277 478 3336 Tatio
486 3278 607 3354 populus
621 3278 770 3336 Romanus
784 3278 890 3336 arabat

160 3357 230 3415 Mox
244 3358 330 3415 etiem
345 3357 440 3414 fractis
454 3368 535 3414 etate
549 3375 584 3413 ec
598 3355 708 3414 Punice
720 3357 811 3432 pessis

159 3435 273 3508 Proelie,
287 3435 330 3494 rel
345 3435 504 3512 Pyrrhum
497 3453 650 3492 immanem
654 3377 839 3511 ‚gladiosque
853 3434 1003 3508 Molossos,

160 3513 293 3572 Tandem
307 3534 359 3591 pro
372 3512 507 3570 multis
482 3532 530 3569 ιιιι
540 3513 640 3590 jugere
654 3482 719 3570 bina
733 3514 874 3571 dabantur

160 3591 343 3650 Vulneribus.
385 3591 499 3649 Merces
512 3611 546 3650 ea
559 3591 707 3682 sanguinis
721 3601 804 3682 atque
819 3589 923 3649 laboris

161 3669 291 3726 Nullis
267 3689 325 3727 msa
337 3687 462 3744 unquem
476 3671 583 3728 meritis
597 3670 698 3743 minor,
712 3679 762 3726 eut
775 3670 805 3727 in
840 3679 893 3726 atre

161 3746 251 3804 Curta
264 3747 334 3804 fides
347 3747 453 3823 petriae.
495 3748 646 3808 Saturebet
659 3748 773 3826 glebula
785 3688 850 3805 11111
