2572 4200
146 233 186 296 as
456 233 489 283 n.
507 233 604 284 turm
621 219 816 285 sovanams

146 372 310 450 Componis,
324 373 399 432 dona
411 375 548 448 Venerin
558 376 724 448 Thelesine,
739 377 855 445 marito;

146 453 207 510 Aut
221 453 332 524 claude,
346 463 374 510 et
387 454 491 528 positos
505 455 582 514 tinea
595 455 734 528 pertunde
748 451 865 511 libellos.
925 474 928 482 ’
959 487 970 512 v.

146 529 260 606 Frange
274 531 359 587 miser
373 531 505 604 calamos,
520 533 687 607 'vigilataque
701 532 799 606 proelia
812 530 886 603 dele,

145 607 207 670 Qui
223 607 291 667 facis
305 609 334 666 in
348 611 432 684 parva
446 611 577 672 sublimia
591 611 716 686 carmina
731 609 814 681 cella,

146 685 185 744 Ut
198 687 301 762 dignus
316 705 413 744 vemas
427 688 548 760 hederis,
561 698 590 745 et
604 687 727 763 imagine
742 687 846 765 macria.

147 764 219 840 Spes
233 764 311 832 nulla
325 765 456 824 ulterior:
475 767 577 823 didicit
588 765 647 840 jam
661 765 739 822 dives
754 783 857 822 avarus

147 839 276 900 Tantum
289 835 430 914 admirari,
438 842 548 902 tantum
563 844 677 900 laudare
688 844 815 915 disertos,

146 919 185 978 Ut
199 920 278 995 pueri
293 919 416 978 Juuonis
431 941 518 978 avem.
561 922 619 978 Sed
633 921 732 978 defluit
746 933 814 980 aetas

141 997 185 1054 m
198 997 292 1074 pelagi
305 999 424 1074 patiens,
439 1013 467 1058 et
481 1000 708 1077 cassidis-atque
721 999 832 1076 ligonis.
959 1058 962 1063 ,
1032 1060 1034 1064 ,

148 1072 251 1132 Taedia
264 1087 333 1133 tunc
347 1078 470 1136 subeunt
485 1079 604 1150 animos,
618 1089 688 1136 tunc
698 1097 790 1152 seque
798 1095 934 1152 suamque

147 1153 358 1229 Terpsichoren
371 1156 431 1213 odit
444 1157 567 1214 facunda
579 1169 608 1214 et
622 1157 699 1214 nuda
712 1167 852 1214 senectus.
868 1226 874 1239 Ι

188 1233 298 1307 Accipe
312 1252 390 1289 nunc
404 1245 487 1308 artes,
501 1252 538 1292 ne
552 1235 619 1309 quid
633 1235 684 1292 tibi
698 1236 824 1292 conserat
838 1234 901 1306 iste,
1077 1283 1088 1315 ,

148 1309 246 1371 Quem
260 1310 339 1381 colis,
353 1321 382 1368 et
396 1311 542 1370 Musarum
557 1324 586 1369 et
599 1313 741 1388 Apollinis
755 1313 816 1369 aede
829 1312 936 1370 relicui.
1050 1379 1054 1386 ⁵

148 1387 213 1462 lpse
228 1387 295 1464 lacit
308 1407 413 1460 versus,
428 1401 511 1464 atque
524 1391 574 1447 uni
588 1391 664 1447 cedit
677 1390 804 1448 Homero
990 1396 992 1404 '

148 1465 265 1540 Propter
277 1466 354 1536 mille
368 1486 475 1536 annos;
497 1479 554 1540 aut,
569 1467 592 1524 si
607 1467 758 1524 dulcedine
773 1468 854 1524 samaa

150 1543 315 1600 Succensus
328 1545 437 1618 recites,
452 1546 609 1604 maculosas
623 1547 782 1604 commodet
796 1545 880 1603 aedes.
942 1549 944 1554 ’
979 1556 982 1563 “

101 1621 223 1681 *Hac
236 1620 321 1696 longe
336 1623 437 1680 serrata
450 1623 551 1682 domus
564 1624 667 1681 servire
677 1623 803 1700 jubetur,

149 1698 184 1756 In
198 1699 259 1773 qual
268 1700 400 1758 sollicitas
414 1701 537 1760 inritatur
547 1702 635 1778 janua
647 1703 748 1778 portas.
786 1765 791 1776 Ι

93 1777 96 1783 ’
150 1777 211 1836 Scit
225 1777 292 1836 dare
305 1778 419 1839 libertos
431 1781 557 1838 extremit
572 1781 600 1837 in
614 1792 692 1856 parte
706 1782 845 1838 sedentes·
870 1789 872 1796 ’

148 1854 275 1928 Ordinis,
289 1867 318 1914 et
332 1876 449 1934 magnas
462 1859 597 1920 comitum
611 1859 759 1935 disponere
772 1867 864 1916 voces,

148 1933 243 1994 Nemo
256 1936 334 1993 dabit
344 1954 453 2012 regum„
466 1938 564 2012 quanti
578 1938 709 1994 subsellia
723 1947 873 2010 constent,

149 2013 186 2072 Et
199 2021 262 2088 qum
276 2016 418 2072 conducto
430 2016 556 2090 pendent
569 2013 723 2073 anabathra
736 2015 835 2091 tigillo,
1024 2067 1026 2075 s

147 2089 279 2166 Quaque
292 2094 468 2168 reportandis
480 2095 570 2169 posita
581 2105 625 2150 est
643 2094 787 2151 orchestra
801 2091 951 2150 cathedris.

148 2169 210 2228 Nos
223 2182 318 2227 tamen
333 2171 387 2248 hoc
401 2172 520 2247 agimus,
534 2172 668 2245 tenuique
682 2171 712 2228 in
726 2169 839 2246 pulvere
859 2171 952 2228 sulcos
1006 2185 1007 2190 ’

148 2246 298 2318 Ducimus,
312 2259 341 2304 et
353 2248 431 2306 littus
445 2250 532 2306 sterili
546 2268 689 2306 versamus
703 2259 802 2306 aratro.

148 2324 224 2382 Nam
238 2325 262 2382 si
272 2324 411 2397 (Boedas,
425 2327 525 2401 laqueo
538 2326 616 2384 leuet
629 2327 769 2384 ambitiosi

148 2403 333 2461 Consuetudo
347 2405 429 2461 mali:
451 2416 529 2462 tenet
542 2404 699 2462 insanabile
713 2405 816 2462 multos

149 2481 299 2539 Scribendi
313 2483 474 2554 cacoethes,
489 2493 517 2540 et
531 2501 606 2558 aegro
619 2483 648 2541 in
664 2482 749 2540 corde
763 2483 893 2540 senescit.

149 2559 207 2616 Sed
222 2571 312 2616 vatem
327 2561 483 2636 egregium,
495 2561 544 2617 cui
559 2580 616 2619 nou
631 2561 667 2618 sit
679 2561 794 2638 publica
808 2579 890 2633 vena,

64 2633 69 2640 ’
147 2637 210 2698 Qui
224 2638 293 2695 nihil
308 2639 465 2715 expositum
479 2639 567 2697 soleat
580 2640 731 2710 deducere,
745 2655 800 2696 nec
812 2639 861 2713 qui

74 2731 79 2741 ’
148 2716 302 2774 Communi
317 2718 397 2774 seriat
410 2737 525 2776 carmen
539 2719 648 2776 triviale
663 2717 786 2789 monetis,
861 2739 876 2757 ··
970 2781 973 2787 ,

148 2793 246 2866 Hunc,
260 2796 373 2869 qualem
388 2815 498 2870 nequeo
512 2808 677 2868 monstrare,
691 2806 720 2853 et
734 2795 826 2852 sentio
838 2791 960 2866 tantum,
1050 2806 1054 2814 '

123 2921 131 2932 ‚
149 2874 302 2930 Anxietate
315 2892 416 2930 carens
429 2874 541 2930 animus
556 2875 632 2944 facit,
646 2874 738 2930 omnis
752 2873 847 2930 acerbi
865 2939 867 2943 ¹

148 2949 313 3025 impatiens,
328 2951 449 3026 cupidus
463 2951 604 3022 silvarum,
620 2961 756 3025 aptusque
771 2949 901 3006 bibendis
915 2983 917 2986 -

148 3027 287 3102 Fontibus
301 3028 456 3085 Aonidum.
497 3027 690 3102 Nequeenim
704 3036 818 3083 cantare
832 3027 886 3082 sub
899 3036 980 3086 antro

147 3106 250 3177 Pierio,
264 3107 425 3180 thyrsumve
437 3117 528 3181 potest
542 3106 706 3181 contingere
720 3123 790 3162 sana

79 3247 81 3251 ,
149 3183 304 3260 Paupertas
318 3195 401 3259 atoue
415 3186 478 3244 oeris
492 3184 582 3259 inops,
596 3203 651 3258 quo
664 3195 748 3241 nocte
763 3182 865 3256 dieque

148 3263 259 3338 Corpus
273 3274 354 3338 eget:
375 3274 451 3320 satur
465 3273 517 3335 est,
531 3281 618 3337 quum
632 3261 702 3319 dicit
724 3261 868 3334 Horatius,
883 3259 983 3320 Euoel

147 3340 225 3403 Quis
235 3341 318 3413 ,locus
332 3341 457 3418 ingenio,
468 3341 522 3398 nisi
537 3359 624 3415 quum
638 3359 669 3396 se
680 3340 806 3397 carmine
821 3339 881 3397 solo

148 3421 271 3492 Vexent,
285 3432 314 3477 et
327 3420 449 3477 dominis
463 3420 573 3480 Cirrhae
587 3418 616 3475 N
619 3437 731 3494 ysaeque
749 3418 878 3476 feruntur

148 3497 268 3556 Pectora
281 3509 385 3570 nostra,
399 3499 470 3556 duas
483 3515 541 3556 non
554 3497 730 3555 admittentia
743 3498 849 3554 curasl
956 3503 958 3507 '

150 3575 265 3652 Magnae
279 3577 381 3636 mentis
394 3596 476 3654 opus,
490 3595 545 3634 nec
560 3577 596 3633 de
610 3575 702 3633 lodice
715 3575 842 3652 paranda

67 3711 71 3718 ,
150 3655 423 3726 Attonitae,currus,
438 3667 467 3712 et
481 3674 578 3730 equos,
593 3654 735 3728 faciesque
750 3654 867 3711 deorum

150 3732 317 3807 Adspicere
331 3743 360 3790 et
372 3734 463 3807 qualis
477 3734 620 3792 Rutulum
634 3733 789 3790 confundat
803 3730 936 3806 Erinnys.
