2572 4200
123 174 131 182 ’
153 217 194 276 5⁰
466 185 499 263 ι’).
517 213 613 264 tumr
630 213 826 265 iuventus

154 355 192 414 Et
205 356 279 414 mald
294 374 442 432 percussas
455 357 696 433 textorispeetine
710 355 784 414 Galli

155 434 332 510 Aeeipimus,
347 445 433 492 tenue
444 447 592 512 argentum
606 455 741 510 venaeque
755 435 938 494 secunde.-

152 511 242 578 Quod
256 523 352 570 tamen
367 512 485 570 ulterius
500 525 666 586 monstrum,
680 512 765 589 quim
779 507 871 572 inullis
886 515 1006 576 ararusl

154 589 227 648 Hae
241 590 336 664 tribui,
350 591 454 648 deinde
468 589 516 648 illa
529 591 605 664 dedi,
614 591 778 667 smonplura
791 593 887 650 tulisti.
1007 590 1010 594 ’

153 667 354 745 computatae
368 680 458 726 eevet.
499 670 623 728 Ponatur
637 670 774 741 calculus,
785 671 883 729 adsint

153 746 230 804 Cum
242 748 338 806 tabuli
351 748 449 824 pueri:
468 767 589 806 numera
603 749 731 806 sestertia
740 749 867 823 quinque

153 822 296 884 Omnibus
310 827 339 884 in
353 827 455 884 rebus:
477 837 660 892 numerentur
674 826 778 884 deinde
800 827 960 885 labores-
1043 869 1046 873 -
1119 857 1120 863 κ

152 903 213 960 Vos
227 905 325 961 humili
339 905 484 977 asseculae,
498 904 546 962 vos
560 905 742 981 indulgebitis
757 922 880 980 unquam

153 980 273 1054 Cultum,
285 983 344 1058 jam
358 1002 412 1040 nee
426 984 524 1042 morbo
537 983 642 1044 donare
656 983 750 1059 parati
757 984 809 1039 l·-

154 1059 219 1132 Dio,
233 1080 338 1136 passer,
353 1062 400 1118 eui
415 1073 456 1119 tut
469 1072 589 1133 montes,
603 1073 644 1121 tot
658 1061 764 1137 predia
777 1079 871 1119 servas

154 1138 282 1214 Appula,
291 1151 332 1197 tot
346 1140 444 1197 milvos
455 1140 528 1196 intra
541 1151 590 1196 tua
603 1158 709 1216 pascua
722 1136 832 1204 lassosl

153 1214 201 1274 Te
214 1217 372 1274 Trilblinus
386 1237 453 1293 ager
468 1218 608 1274 loeeundis
623 1218 726 1274 vitibus
739 1217 846 1294 implet,

154 1295 380 1371 Suspectumque
391 1296 491 1371 jugum
506 1295 616 1371 Cumis,
630 1305 659 1354 et
672 1295 785 1351 Gaurus
798 1295 899 1366 inanis.
947 1348 949 1354 .

154 1371 231 1429 Nam
244 1373 308 1447 quis
321 1373 401 1449 plura
414 1374 477 1430 linit
491 1374 598 1430 victuro
612 1372 687 1429 dolia
700 1374 815 1429 mustol
871 1425 874 1431 .

153 1449 304 1511 Quantum
318 1461 378 1508 erat
392 1451 521 1507 exhausti
534 1451 645 1507 lumbos
659 1451 764 1507 donare
778 1451 891 1508 clientis

154 1527 309 1603 iugeribus
323 1529 438 1605 paucist
459 1528 597 1586 meliusne
611 1529 658 1585 hie
672 1528 795 1588 rusticus
805 1529 909 1602 insana,

155 1605 230 1662 (lum
244 1617 343 1678 matre,
357 1618 386 1664 et
399 1607 513 1678 casulis,
527 1618 554 1668 et
569 1607 708 1664 collusore
721 1607 832 1679 catello,

96 1712 99 1716 ·
154 1683 294 1760 Cymbala
306 1685 443 1761 pulsantis
459 1685 582 1761 legatum
597 1685 645 1742 fiet
658 1683 763 1742 amieil
900 1756 902 1760 .

155 1758 304 1838 Improbus
317 1783 358 1835 es,
372 1783 458 1840 quum
472 1765 573 1840 poscis,
589 1765 648 1820 ais:
670 1764 720 1820 sed
734 1763 833 1838 pensio
848 1763 962 1837 elamat,

154 1841 261 1911 Posee;
284 1844 334 1900 sed
348 1843 468 1918 appellat
482 1862 551 1918 puer
565 1844 677 1914 unicus,
691 1852 723 1898 ut
736 1843 901 1918 Polyphemi
984 1873 986 1877 ·

155 1919 228 1978 Lata
241 1922 327 1992 acies,
341 1941 391 1997 per
405 1940 489 1996 quam
504 1922 600 1978 sollers
614 1921 702 1978 evasit
716 1921 832 1978 Ulixes·
888 1962 894 1968 =

155 1999 236 2056 Alter
250 2001 388 2058 emendus
402 2001 471 2058 erit:
493 2019 614 2074 namque
629 2001 747 2057 hicnon
762 1999 881 2056 sufficit:
895 1999 979 2058 ambe

155 2077 304 2136 Pasaeudi,
345 2079 427 2139 Quid
441 2097 523 2153 agam
539 2079 659 2134 brumril
678 2075 803 2154 ¹spirante
817 2079 895 2152 quid,
909 2097 969 2151 oro,

153 2155 237 2218 Quid
250 2157 342 2214 dicam
357 2159 479 2232 scapulis
492 2175 643 2232 puerorum
656 2155 801 2231 ⁴Aquilone
816 2155 969 2232 Decembri

155 2233 193 2292 Et
206 2235 342 2311 pedibusl
363 2236 461 2298 durate
476 2247 559 2309 atque
572 2245 733 2310 exspectate
747 2235 882 2292 cicadasl

154 2311 274 2384 Verirm,
288 2325 319 2370 ut
332 2313 502 2384 dissimules,
516 2324 548 2370 ut
563 2313 657 2370 mittas
671 2313 785 2385 eaetera,
795 2323 902 2387 quanto

154 2389 266 2458 Metiris
279 2392 378 2468 pretio,
392 2388 480 2467 qubd,
492 2393 522 2449 ni
537 2392 587 2449 tibi
601 2391 714 2453 deditus
723 2410 818 2448 essem
838 2429 840 2435 ·

154 2469 336 2544 Devotusque
350 2470 450 2541 aliena,
465 2488 534 2528 uxor
547 2481 597 2528 tua
611 2471 690 2544 virgo
703 2481 833 2527 maneret
844 2471 897 2526 l-
996 2476 999 2480 ’

153 2547 300 2620 instabile,
315 2567 349 2606 ao
363 2549 456 2606 dirimi
470 2560 603 2624 ereptum,
618 2560 647 2606 et
657 2547 716 2624 jam
729 2545 811 2625 paemi
827 2549 951 2606 solutum

154 2625 328 2704 conjugium
341 2628 371 2686 in
386 2623 482 2686 multis
495 2629 626 2685 domibus
640 2629 759 2685 serravit
773 2627 899 2684 adulteri

152 2703 223 2768 Qud
237 2718 265 2764 te
279 2707 481 2784 circumegasl
501 2727 565 2783 quaa
578 2708 669 2782 prima
680 2718 731 2764 aut
745 2707 845 2764 ultima
859 2707 970 2781 ponasl

153 2784 231 2842 Num
253 2783 322 2860 ergd
344 2789 478 2845 meritum
499 2799 552 2858 est,
573 2789 685 2864 ingrate
708 2806 742 2844 ae
756 2785 873 2862 perfide,
887 2785 1008 2856 nullum,

150 2862 243 2925 Quod
257 2865 307 2920 tibi
322 2863 434 2936 filiolus,
448 2865 523 2938 quod
539 2863 595 2920 filia
610 2865 735 2922 nascitur
750 2884 786 2921 ex
800 2864 868 2920 mel

151 2941 244 2998 Tollis
258 2941 345 3012 enirn,
360 2952 389 2998 et
402 2941 481 2998 libris
494 2953 621 2998 aetorum
636 2959 771 3017 spargere
781 2941 890 3016 gaudes

152 3020 331 3095 Argumenta
346 3019 405 3077 viri.
447 3018 569 3076 Foribus
583 3019 725 3095 suspende
740 3036 870 3089 coronas,

152 3098 217 3158 Jam
232 3107 310 3173 pater
324 3116 374 3154 es:
396 3097 537 3168 dedimus,
551 3099 625 3172 quod
641 3099 722 3154 fame
735 3115 876 3174 opponere
889 3097 997 3174 possis:

151 3176 169 3234 J
172 3196 223 3233 ura
236 3177 361 3252 parentis
375 3177 472 3248 habes,
486 3187 598 3252 propter
613 3195 658 3233 me
672 3176 804 3234 scriberis
818 3177 918 3248 haeres,

151 3255 292 3333 Legatum
305 3273 390 3313 omne
404 3255 493 3330 capis,
508 3274 562 3311 neo
576 3273 634 3312 non
647 3268 676 3312 et
691 3253 774 3312 dulee
788 3255 939 3312 caducum,

47 3395 52 3402 ,
150 3331 308 3394 Commoda
318 3346 452 3410 preterea
464 3334 619 3410 jungentur
632 3333 721 3390 multa
734 3333 860 3406 caducis,

150 3413 183 3474 Si
197 3431 358 3486 numerum,
373 3413 397 3470 si
411 3423 468 3470 tres
483 3412 642 3488 implevero.
683 3411 700 3468 J
704 3424 767 3471 usta
780 3413 893 3485 doloris,

151 3491 179 3548 N
183 3492 279 3564 evole,
294 3510 382 3550 eausa
395 3493 444 3548 tui.
486 3489 594 3548 Contrd
608 3502 703 3548 tamen
718 3491 765 3551 ille
779 3492 847 3566 quid
860 3491 962 3549 all'ertl

150 3569 289 3646 Negligit,
305 3582 388 3645 atque
402 3571 493 3628 alium
503 3571 634 3646 bipedem
649 3570 701 3626 sibi
716 3572 815 3644 quaerit
829 3569 957 3626 asellum.

191 3647 265 3704 Haee
281 3649 332 3706 soli
347 3651 498 3706 oommissa
512 3649 563 3707 tibi
578 3649 671 3706 celare
686 3661 839 3720 memento,

150 3725 189 3783 Et
202 3727 307 3783 tacitus
321 3738 431 3784 nostras
445 3728 560 3786 intrate
579 3727 634 3804 lige
649 3729 786 3804 querelas.
