2572 4200
150 215 187 274 η
459 175 819 268 nsuouuvuuanta

53 383 58 394 =
147 353 210 411 Res
224 341 344 430 angusta
357 355 450 426 domi;
471 359 522 416 sed
537 357 638 416 Roma
652 359 748 417 durior
763 359 819 416 illia

146 432 290 490 Conatus:
312 452 415 509 magno
428 436 580 512 hospitium
595 436 763 507 miserabile,
777 453 882 512 magno

146 511 296 568 Servorum
311 524 432 583 ventres,
447 525 476 571 et
490 514 563 588 frugi
578 515 690 571 coenula
703 533 816 590 magno.

145 586 295 646 Fictilibus
309 609 421 647 coenare
434 593 531 666 pudet,
545 593 620 666 quod
635 603 715 667 turpe
730 591 845 668 negavit

44 719 54 728 ,
144 664 314 724 Translatus
328 667 420 726 aubitd
435 671 470 726 ad
485 669 595 726 Marsos
609 689 791 746 mensamque
806 670 967 739 Sabellam

144 745 357 820 Contentusque
372 746 430 804 illic
456 754 557 804 veneto
571 749 696 821 duroque
710 748 824 807 culullo.

182 824 251 881 Pars
265 843 368 899 magna
381 825 470 882 Italiae
484 837 536 896 est,
551 825 575 882 si
589 827 685 883 verum
700 827 884 902 admittimus,
899 827 928 884 in
942 825 999 902 qud

142 899 237 960 Nemo
251 913 345 978 togam
359 903 457 974 sunrit,
468 904 523 960 nisi
537 915 671 961 mortuus.
713 902 779 980 Ipsa
792 905 901 962 dierum

142 980 292 1038 Festorunr
307 981 426 1038 herboso
440 982 541 1039 colitur
555 981 578 1038 si
592 983 706 1056 quando
719 983 829 1040 theatro

142 1056 286 1134 Majestas‚
300 1059 470 1133 tandemque
485 1061 558 1117 redit
573 1061 607 1115 ad
621 1061 730 1135 pulpita
743 1071 841 1118 notum

141 1135 292 1208 Exodiunt,
307 1156 394 1211 quum
407 1157 535 1213 personae
555 1138 686 1214 pallentis
701 1139 810 1195 hiatum

140 1213 175 1270 In
190 1215 299 1289 gremio
312 1217 409 1272 matris
424 1216 554 1273 formidat
567 1217 690 1272 rusticus
704 1217 816 1282 infans3

141 1292 278 1366 AEquales
293 1292 406 1349 habitus
420 1294 489 1364 illic,
504 1293 663 1367 similesque
677 1295 786 1350 videbis

139 1369 324 1427 Orchestram
338 1382 367 1426 et
379 1371 533 1446 populum:
555 1372 623 1428 clari
638 1372 765 1428 velamen
780 1371 905 1444 bonoria,

140 1449 292 1508 Sufficiunt
305 1449 409 1505 tunice
423 1451 539 1512 sum'mis
554 1450 682 1505 aedilibus
695 1450 774 1506 albae.

138 1525 198 1583 Hic
212 1527 284 1584 ultra
298 1527 370 1583 vires
385 1527 496 1585 habitus
512 1528 599 1584 nitor:
622 1527 669 1584 hic
684 1527 788 1602 aliquid
802 1527 876 1604 plus,

137 1603 237 1666 Quum
253 1603 321 1662 satis
334 1615 387 1675 est,
401 1605 543 1662 interdurn
557 1605 649 1662 alieni
663 1607 782 1663 sumitur
796 1606 871 1664 arca.

137 1683 298 1741 Commune
312 1683 341 1740 id
356 1684 452 1740 vitium
467 1695 517 1740 est.
559 1683 619 1740 Hic
634 1683 751 1739 vivimus
766 1683 914 1740 ambitiosa

137 1761 307 1838 Paupertate
321 1781 429 1820 omnes.
469 1762 549 1824 Quid
565 1773 592 1818 te
607 1763 718 1819 moror'l
739 1761 845 1818 Omnia
860 1762 963 1820 Rome

137 1841 212 1898 Cum
226 1841 322 1917 pretio.
363 1841 445 1903 Quid
457 1841 517 1912 das,
532 1852 564 1897 ut
577 1841 697 1898 Cossum
712 1840 862 1914 aliquando
876 1840 1003 1899 salutesl
1063 1891 1067 1902 .

136 1919 176 1977 Ut
188 1931 216 1976 te
232 1920 367 1995 respiciat
380 1921 476 1978 clauso
491 1920 612 1977 Veiento
625 1919 747 1976 labellol

136 1999 189 2056 Ille
204 2000 283 2056 metit
297 2000 422 2069 barbam,
437 2000 544 2055 crinem
560 1999 607 2054 bic
623 1997 738 2072 deponit
749 1997 842 2053 amati.

135 2076 224 2134 Plena
238 2078 339 2133 doinus
353 2077 417 2133 libis
431 2076 586 2132 venalibus.
628 2075 752 2150 Accipe,
764 2087 792 2131 et
807 2073 881 2131 istud

136 2154 320 2212 Fermentum
335 2156 384 2210 tibi
401 2155 486 2210 habe:
507 2166 639 2228 praestare
654 2153 758 2210 tributa
772 2153 891 2210 clientes

135 2232 282 2308 Cogimur,
297 2245 325 2289 et
339 2233 423 2288 cultis
437 2251 541 2306 augere
556 2232 666 2306 peculia
685 2232 781 2288 servis.

173 2310 249 2372 Quis
263 2312 353 2380 timet,
368 2322 416 2366 aut
429 2311 522 2366 timuit
536 2310 629 2383 gelidai
645 2310 787 2366 Praeneste
802 2309 924 2380 ruinam,

134 2389 194 2444 Aut
208 2389 305 2463 positis
319 2407 465 2445 nemorosa
477 2389 549 2444 inter
562 2388 630 2462 jupa
644 2387 791 2460 Volsiniis,
804 2399 852 2444 aut

135 2466 317 2540 simplicibus
330 2467 439 2535 Gabiis,
454 2477 503 2522 aut
515 2467 596 2540 proni
610 2465 727 2522 Tiburis
741 2467 827 2523 areel

133 2543 195 2601 Nos
210 2545 307 2601 urbem
323 2545 442 2602 colimus
452 2544 531 2600 tenui
545 2544 662 2600 tibicine
677 2543 773 2600 fultam

133 2621 242 2698 Magna
255 2635 334 2699 parte
348 2623 400 2679 sui.
442 2623 517 2680 Nam
531 2641 573 2678 stc
587 2622 746 2679 labentibus
759 2622 853 2679 obstat

132 2700 263 2772 Villicus,
277 2712 306 2758 et
320 2701 422 2759 veteris
435 2703 513 2759 rimae
525 2719 615 2775 quum
626 2701 699 2758 texit
712 2699 843 2774 hiatum,

133 2780 255 2836 Securos
268 2781 411 2854 pendente
423 2779 504 2854 jubet
517 2781 638 2836 dormire
653 2779 745 2836 ruinti.

134 2857 293 2914 vivendum
308 2856 434 2926 estillic,
449 2857 497 2912 ubi
512 2857 589 2912 nulla
603 2857 746 2925 incendia,
758 2855 828 2912 nulli

131 2934 225 2993 Nocte
239 2947 338 2992 metus.
380 2934 446 2990 Jarn
460 2934 551 3009 poscit
566 2952 676 3007 aquam,
688 2933 746 3008 jam
761 2933 857 2989 frivola
870 2931 1002 2990 transfert
1056 2933 1114 2992 18⁰

130 3013 294 3089 Ucalegon;
316 3013 441 3070 tabulata
454 3013 505 3069 tibi
523 3012 581 3087 jain
596 3012 678 3068 tertia
692 3011 817 3066 fumant:

130 3091 179 3148 'l'u
193 3093 296 3150 nescis.
338 3091 414 3147 barn
428 3091 451 3146 si
465 3090 600 3165 gradibus
613 3090 766 3164 trepidatur
780 3089 816 3144 ab
827 3088 901 3160 imis,

130 3169 385 3239 llltimusardebit,
399 3188 482 3243 quern
497 3168 594 3242 tegula
608 3167 667 3224 sola
680 3177 775 3223 tuetur

130 3249 157 3306 A
171 3249 276 3324 pluviis,
292 3248 390 3304 molles
404 3247 451 3303 ubi
467 3248 588 3303 reddunt
602 3265 654 3304 ova
666 3245 813 3302 columbe.

129 3325 235 3384 Lectus
249 3337 309 3384 erat
323 3326 417 3383 Codro
431 3325 551 3383 Procula
565 3325 667 3396 minor,
683 3323 789 3380 urceoli
804 3343 864 3394 sex,

128 3404 338 3462 Ornamentum
352 3405 443 3469 abaci,
473 3423 527 3460 nec
542 3423 598 3460 non
613 3415 641 3460 ct
654 3402 786 3478 parvulus
801 3401 873 3460 infrd
947 3401 951 3410 '

128 3482 300 3554 Cantlrarus,
315 3495 343 3540 et
354 3485 497 3541 recubans
511 3481 675 3538 subeodem
691 3499 829 3538 marmore
844 3481 950 3537 Chiron
963 3499 970 3550 ;

128 3559 250 3636 lamque
265 3573 343 3618 vetus
357 3563 473 3620 Graecos
487 3561 614 3618 servabat
630 3561 700 3617 cista
713 3561 833 3631 libellos,

128 3639 166 3696 lu
179 3639 274 3696 divina
287 3640 361 3716 opici
376 3643 513 3698 rodebant
528 3640 655 3696 carmina
669 3658 772 3696 mures.

128 3716 178 3774 Nil
193 3718 290 3774 habuit
304 3719 432 3776 Codrus:
453 3719 516 3792 quis
530 3719 605 3774 enini
621 3717 726 3792 negati
747 3727 886 3773 ettamen
902 3715 970 3772 ulad
1054 3717 1109 3775 190
