2572 4200
533 224 659 276 SATIRA
677 225 750 279 Vlll.

149 365 325 428 Permixtum
339 367 444 440 nautis,
458 379 487 426 et
501 365 620 442 furibus,
633 388 669 427 ac
683 368 817 444 fugitivis,
871 403 874 409 -
961 403 964 410 ·

149 445 228 508 luter
242 447 401 519 carnifices,
415 457 444 504 et
458 447 551 504 fabros
564 447 784 522 sandapilarum,
901 475 903 478 ·

149 521 187 584 Et
196 525 353 600 resupinati
367 525 508 582 cessantia
520 534 654 614 tympana
667 525 752 582 Galli.

83 629 86 634 ·
149 601 243 686 AEqua
257 603 296 660 ibi
309 603 434 675 libertas,
449 607 613 660 communia
626 601 844 678 pocula,¹lectus
890 611 892 616 '

148 679 215 738 Non
229 681 301 738 alius
314 682 456 756 cuiquam,
470 698 526 737 nec
540 699 638 752 mensa
652 681 783 738 remotior
796 679 855 738 ulli.

147 758 229 820 Quid
243 759 331 818 iacias
344 759 429 816 talem
444 759 571 834 sortitus,
581 759 713 830 Pontice„
723 760 873 816 servuml*

147 835 261 912 Nempe
275 837 305 894 in
318 837 461 909 Lucanos,
471 847 526 893 'aut
540 837 640 894 Tusca
653 837 796 912 ergastula
810 837 915 894 mittas.
938 886 940 893 .

148 915 189 972 At
201 934 259 987 vos,
274 913 457 991 Troiugena,
471 916 548 973 vobis
561 915 716 991 ignoscitis,
730 925 768 987 et,
782 931 846 989 qum
910 953 911 960 κ
942 926 944 930 ’
1046 953 1051 964 -

147 992 260 1068 Turpia
272 994 397 1065 cardoni,
412 994 530 1051 Volesos
540 993 715 1067 Brutumque
729 993 880 1066 docebunt

145 1071 238 1144 Quid,
252 1071 276 1128 si
289 1090 438 1146 nunquam·
449 1069 521 1128 adeb
537 1071 618 1130 foedis
631 1068 759 1145 adebque
772 1069 914 1146 pudendis

147 1147 260 1207 Utimur
270 1149 418 1226 ‚exemplis
430 1150 461 1207 ut
474 1154 532 1206 non
547 1147 642 1226 pejora
656 1150 815 1224 supersintl
902 1157 905 1164 '

123 1283 126 1286 ,
147 1226 330 1302 Consumptis
342 1229 443 1304 opibus
456 1246 565 1298 vocem,
579 1227 760 1304 Damasippo,
775 1225 887 1286 locasti,

146 1305 267 1382 Sipario,
279 1306 434 1364 clamosum
449 1323 547 1382 ageres
562 1316 594 1362 ut
604 1305 726 1362 Phasma
739 1305 853 1364 Catulli.

146 1383 316 1448 Laureolum
332 1383 413 1442 velox
425 1385 511 1442 etiam
525 1383 752 1454 benetentum
765 1385 833 1460 egit,

148 1461 166 1518 J
169 1463 253 1520 udice
267 1481 324 1533 me,
338 1463 442 1538 dignus
456 1459 521 1520 verd
535 1479 630 1520 cruce.
670 1460 736 1520 Nec
750 1475 846 1521 temen
859 1461 914 1538 ipsi

146 1539 282 1617 Ignoscas
294 1541 416 1616 populc;
436 1540 532 1616 populi
547 1539 731 1598 frons'durior
746 1541 840 1617 hujus,

145 1617 207 1680 Qui
220 1620 310 1691 sedet,
324 1629 353 1676 et
363 1629 472 1694 spectat
483 1620 629 1676 triscurria
641 1617 833 1694 patriciorum,
893 1620 896 1626 '

145 1694 315 1773 Planipedes
328 1698 407 1754 audit
419 1697 534 1768 Fabios,
548 1696 640 1756 ridere
654 1706 745 1772 potest
757 1698 806 1773 qui

146 1773 359 1833 Mamercorum
374 1775 477 1852 alapas.
519 1775 630 1851 Quanti
644 1795 696 1832 sua
710 1777 810 1833 lunera
824 1776 958 1847 vendant,

144 1853 225 1914 Quid
240 1853 348 1912 referti
367 1855 493 1912 rendunt
507 1853 585 1911 n'ullo
599 1864 720 1928 cogente
734 1853 861 1925 Nerone,

144 1929 210 1990 Nec
224 1932 356 1990 dubitant
369 1932 439 1990 celsi
452 1932 578 2008 praetoris
592 1933 716 1989 vendere
730 1932 812 1990 ludis.

131 2009 241 2086 Finge·
251 2019 347 2068 tamen
361 2010 470 2088 gladios
484 2010 562 2082 inde,
576 2020 660 2085 atque
674 2011 742 2067 hinc
754 2011 863 2086 pulpita
875 2028 969 2086 pona:
1036 2071 1039 2076 ,

143 2087 225 2150 Quid
240 2090 347 2147 satiust
388 2088 510 2147 Mortem
525 2090 567 2146 sic
579 2090 726 2164 quisquam
740 2089 894 2160 exhorruit,
909 2102 940 2148 ut
953 2089 990 2148 sit

144 2166 300 2243 Zelotypus
313 2166 479 2242 Thymeles,
494 2167 598 2242 stupidi
612 2166 684 2224 colle
734 2160 886 2229 Corinthii

143 2243 205 2304 Res
219 2246 295 2303 haud
308 2247 379 2304 mira
392 2257 497 2318 tamen,
511 2247 666 2304 citharoedo
679 2185 824 2322 liincipe,
836 2247 940 2304 mimus

143 2321 265 2382 Nobilis.
307 2324 381 2381 Hac
395 2325 477 2396 ultra,
491 2325 557 2399 quid
572 2323 626 2381 erit
639 2325 693 2382 nisi
707 2324 812 2382 ludusl
852 2325 891 2382 Et
904 2325 974 2384 illud

142 2401 278 2459 Dedecus
291 2401 376 2460 Urbis
390 2403 496 2461 habes:
517 2421 573 2460 nec
583 2403 760 2460 mirmillonis
770 2403 800 2460 in
814 2404 909 2476 armis,

143 2478 173 2537 N
174 2499 209 2537 ec
222 2480 323 2556 clypeo
336 2481 500 2539 Gracchum
513 2491 697 2557 pugnantem,
713 2492 761 2538 aut
776 2481 849 2539 falce
862 2482 985 2558 supina;

119 2579 120 2582 ¹
144 2555 284 2634 (Damnat
297 2561 374 2618 enim
387 2560 459 2617 tales
472 2561 600 2629 habitus;
622 2561 672 2616 sed
685 2561 812 2632 damnat,
823 2570 853 2618 et
865 2560 938 2638 odit)

142 2635 208 2695 Nec
221 2637 303 2712 galea
314 2638 435 2696 frontem
449 2638 613 2696 abscondit:
635 2647 728 2695 movet
740 2655 811 2694 ecce
824 2638 986 2710 tridentem,

142 2713 293 2790 Postquam
308 2717 409 2789 librani
422 2717 576 2792 pendentia
589 2715 659 2772 retia
671 2715 770 2772 denna
846 2743 848 2748 .

141 2790 343 2870 Nequidquam
357 2795 466 2866 effudit,
481 2795 590 2851 nudum
604 2794 639 2850 ad
654 2793 816 2868 spectacula
830 2793 938 2852 vultum
1042 2815 1043 2820 ¹

142 2867 244 2948 Erigit,
259 2885 288 2930 et
300 2873 360 2931 toti
374 2873 446 2949 fugit
459 2872 657 2948 agnoscendus
671 2872 766 2931 areni.

141 2949 299 3008 Credamus
312 2952 427 3023 tunica,
441 2952 477 3009 de
492 2950 620 3009 faucibus
631 2969 715 3009 aurea
728 2969 815 3026 quum
828 2971 860 3010 se

140 3027 279 3106 Porrigat,
293 3039 322 3087 et
335 3030 420 3106 longo
430 3031 550 3105 jactetur
564 3031 638 3106 spira
650 3029 755 3104 galero.

140 3105 218 3184 Ergd
233 3109 419 3183 ignominiam
433 3109 588 3184 graviorem
601 3107 717 3183 pertulit
729 3108 807 3166 omni

140 3185 278 3258 Vulnere,
292 3205 359 3244 cum
370 3186 505 3243 Graccho
515 3186 610 3261 jussus
624 3205 751 3262 pugnare
764 3197 885 3245 secutor.

178 3265 282 3322 Libera
296 3265 320 3322 si
334 3266 437 3322 dentur
450 3265 553 3340 populo
565 3264 709 3339 suffragia,
724 3265 787 3338 quia
800 3275 860 3322 tam

139 3341 280 3415 Perditus,
289 3353 321 3400 ut
334 3343 444 3400 dubitet
458 3343 598 3400 Ssnemm
613 3343 744 3418 preferre
757 3341 884 3413 Neroni3

139 3419 230 3496 Cujus
243 3421 382 3497 supplicio
395 3439 453 3478 non
467 3421 566 3478 debuit
579 3440 638 3478 una
650 3420 742 3496 parari

59 3501 64 3508 '
139 3499 239 3572 Simia,
254 3518 309 3556 nec
322 3519 439 3576 serpens
452 3517 536 3570 unus,
550 3517 606 3556 nac
619 3500 718 3556 crdsus
732 3499 826 3555 unusl

138 3577 193 3634 Par
207 3578 461 3653 Agamemnonidm
475 3578 600 3647 crimem
621 3577 671 3634 sed
685 3595 772 3634 causa
785 3575 854 3633 facit
866 3593 926 3634 rem

137 3651 320 3714 Dissimilem.
360 3656 478 3732 Quippe
493 3655 550 3727 ille,
564 3654 625 3712 deis
638 3654 810 3726 auctoribus,
824 3651 897 3712 ultor'

136 3733 229 3794 Patris
242 3751 299 3794 erat
315 3735 382 3792 caesi
396 3736 490 3792 media
500 3735 574 3792 inter
586 3733 705 3809 pocula;
726 3733 777 3790 sed
790 3751 845 3790 nec
