2614 4186
190 161 247 224 1oe
423 159 454 206 Δ.
472 157 587 241 PERSH¹
601 157 724 206 rtaccr
742 155 865 236 snmus
882 155 927 204 Vl.

187 300 264 357 Ossa
276 299 392 358 inodora
406 297 494 370 dabit,
508 317 558 356 seu
572 299 679 375 spirent
692 299 825 355 cinnama
837 296 964 366 surdum,
1027 372 1028 376 Ἰ

189 379 247 434 Seu
262 396 358 434 ceraso
371 388 492 453 peccent
505 377 599 448 casiae,
615 375 725 433 nescire
739 385 861 450 paratus.

188 455 275 512 Tune
289 455 363 511 bona
376 453 526 511 incolumis
540 455 680 524 minuasl’
721 451 759 508 Et
772 451 885 508 Bestius
898 459 980 525 urget

188 531 327 592 Doctores
339 533 457 588 Graios:
479 530 544 588 ‘Ita
558 531 598 601 lit,
611 541 758 605 postquam
772 531 869 603 sapere
880 526 950 584 Urbi

188 611 263 666 Cum
277 610 372 685 pipere
386 620 415 666 et
427 608 526 682 palmis
540 609 615 666 venit
629 611 752 664 vestrum
765 607 822 663 hoc
835 605 920 662 maris
933 623 1051 679 expers:

189 687 345 752 Frenisecae
359 687 600 744 crassositiairunt
613 684 739 760 unguine
752 684 863 758 pultest’
927 713 928 720 κ

160 811 162 816 .
188 765 261 822 Haec
275 765 370 822 cinere
385 761 499 823 ulterior
513 763 644 821 metuas‘l
665 772 693 819 at
705 773 746 831 tu,
760 779 840 818 meus
854 760 943 818 heres

187 838 326 916 Quisquis
339 843 404 914 eris,
418 837 534 916 paulum
549 861 565 898 a
578 839 662 896 turbt
675 838 816 896 seductior
831 837 905 897 audi.

188 918 217 974 0
231 921 313 991 bone,
327 939 394 976 num
409 919 541 993 ignotast
561 919 703 974 missa‘est
715 935 732 972 a
746 911 858 972 Caesare
872 915 967 972 laurus

189 996 335 1072 Insignem
349 997 385 1055 ob
399 997 508 1053 cladem
522 997 672 1053 Germanae
685 993 778 1070 pubis,
792 993 889 1050 eteris

189 1073 322 1150 Frigidus
335 1075 475 1132 excutitur
488 1075 579 1132 ciuis:
601 1091 635 1130 ac
645 1071 704 1148 jum
717 1071 843 1146 postibus
857 1089 944 1142 arma,

188 1151 255 1208 Jam
269 1153 432 1226 chlamydes
446 1171 555 1228 regum,
567 1150 626 1226 jam
640 1151 716 1206 lutea
728 1167 854 1224 gausapa
867 1148 966 1222 captis,

188 1228 361 1304 Essedaque,
374 1231 559 1304 ingentesque
569 1229 644 1286 locat
657 1227 788 1284 Caesonia
798 1226 927 1286 Rhenos.

169 1370 173 1378 ,
188 1305 243 1362 Dls
256 1307 342 1381 igitur
356 1308 496 1381 genioque
510 1305 591 1362 ducis
602 1305 717 1362 centum
731 1301 819 1378 paria,
832 1303 869 1360 ob
879 1301 927 1372 'res

188 1380 312 1458 Egregie
327 1393 429 1458 gestaS,
445 1385 557 1452 induco.
598 1382 674 1442 Quis
688 1381 782 1438 vetstl
803 1382 885 1438 aude.

188 1459 251 1531 Vas,
267 1461 320 1517 nisi
334 1461 486 1517 connives!
528 1460 632 1517 Oleum
648 1468 843 1532 artocreasque
856 1459 966 1534 popello

188 1537 313 1612 Largior.
355 1538 403 1595 An
417 1538 570 1614 prohibes?
590 1533 744 1594 dlectare·
777 1533 845 1592 Non
858 1537 941 1610 sdeo,
951 1535 1046 1614 inquis

188 1613 342 1671 Exossatus
358 1635 424 1690 ager
435 1613 516 1690 juxta
530 1626 582 1673 est.
623 1615 697 1692 Age,
713 1613 736 1670 si
751 1613 820 1670 mihi
834 1613 915 1672 nulla

189 1691 253 1748 Jam
269 1693 375 1766 reliqua
387 1712 422 1750 ex
436 1693 538 1765 emilie,
551 1691 686 1768 patruelis
699 1691 786 1762 nulla,
799 1693 942 1768 proneptis

189 1769 276 1829 Nulla
290 1782 386 1828 manet
398 1771 499 1846 patrui,
514 1771 616 1828 sterilis
630 1780 779 1832 matertera
793 1769 870 1839 vixit,
1182 1821 1183 1830 ,

189 1847 288 1922 Deque
302 1849 364 1904 aviti
378 1849 496 1905 nihilum
511 1859 656 1924 superest;
676 1845 784 1904 accedo
799 1845 930 1924 Bovillas,
1094 1861 1097 1867 '
1131 1847 1171 1906 55

189 1925 355 1999 Clivumque
370 1926 520 1984 ad.Virbi:
540 1923 642 2001 praesto
655 1935 698 1982 est
711 1925 780 1983 mihi
795 1921 910 1981 Manius
924 1926 1024 1982 haeres.-

189 2009 197 2034 ‘
212 2002 365 2078 Progenies
378 2015 458 2061 terre
468 2005 484 2061 l'
505 2003 613 2065 Quaere
626 2023 661 2060 ex
674 2003 806 2076 me,‘quis
819 2002 889 2058 mihi
902 2012 1016 2076 quartus

189 2079 233 2135 Sit
246 2092 342 2155 pater:
364 2081 438 2138 haud
453 2078 592 2156 prompte,
606 2081 698 2137 dicam
714 2076 817 2136 tamen.
858 2079 943 2135 Adde
957 2079 1042 2136 etiam
1056 2096 1157 2152 unum,

188 2157 283 2215 Unum
298 2159 399 2214 etiam:
420 2169 501 2214 terrae
515 2170 558 2215 est
568 2158 627 2250 pam
641 2157 734 2215 filius:
756 2155 867 2214 etmihi
881 2157 936 2214 ritu
952 2204 956 2208 .
991 2185 993 2189 ·

188 2231 303 2292 Manius
315 2235 363 2291 lric
376 2236 488 2310 generis
501 2254 587 2311 prope
602 2235 690 2311 major
704 2233 860 2292 auunculus
873 2235 937 2292 exit.
1134 2235 1173 2292 60

187 2309 249 2372 Qui
262 2312 336 2388 prior
349 2330 390 2382 es,
404 2331 455 2368 cur
469 2331 515 2368 me
529 2311 558 2368 in
573 2313 695 2368 decursu
708 2311 837 2386 lampada
851 2312 963 2387 poscisl

16 2365 30 2452 ’Ξ
91 2389 95 2394 ’
189 2390 259 2444 Sum
273 2389 323 2444 tibi
338 2387 516 2446 Mercurius:
537 2388 619 2446 venio
630 2376 774 2446 ¹deus'huc
788 2400 897 2466 eg0„ut
910 2387 957 2446 ille

188 2465 326 2540 Pingitur.
368 2467 416 2522 An
430 2467 547 2524 renuisl
569 2465 623 2524 vin’
639 2478 670 2523 tu
684 2467 807 2544 gaudere
821 2467 947 2524 relictisl

188 2549 196 2575 ‘
212 2543 301 2600 Deest
313 2543 417 2618 aliquid
431 2563 558 2603 summe,
600 2543 694 2602 Minui
708 2543 777 2600 mihi
790 2564 796 2600 :
818 2545 867 2602 sed
882 2543 932 2602 tibi
946 2554 1035 2602 totum
1049 2555 1101 2618 est,

187 2619 333 2696 Quicquid
349 2623 377 2678 id
392 2633 442 2680 est.
484 2621 539 2680 Ubi
555 2622 600 2693 sit,
616 2623 682 2698 suge
695 2627 830 2696 quaerere,
845 2621 918 2696 quod
933 2622 1002 2680 mihi
1015 2622 1157 2698 quondam

188 2697 310 2774 Legerat
323 2695 451 2758 Tadius:
471 2721 527 2758 nec
540 2701 616 2758 dicta
629 2717 732 2776 repone
745 2712 879 2776 paterna:
1133 2701 1172 2756 66

189 2775 317 2834 Foeneris
330 2779 447 2835 accedat
461 2797 588 2836 merces:
604 2779 676 2836 'hinc
687 2778 779 2835 exime
791 2787 927 2852 sumptus.

189 2853 287 2914 ‘Quid
297 2855 434 2928 reliquum
446 2866 488 2911 est
499 2856 519 2911 l'
554 2854 728 2928 Reliquuml
742 2873 820 2911 nunc
831 2873 908 2910 nunc
918 2851 1073 2929 impensius
1085 2873 1172 2933 unge,

188 2929 283 3004 Uaga,
297 2950 377 3004 puer,
391 2931 501 2991 caules.
538 2930 613 2988 Mihi
628 2931 698 2988 feste
711 2930 776 2987 luce
790 2942 924 3004 coquatur

188 3002 295 3078 Urtica,
310 3018 338 3064 et
351 3008 417 3066 fissi
432 3009 570 3064 fumosum
585 3007 707 3083 sinciput
721 3006 834 3065 aurel*
846 3006 863 3040 *
875 3006 892 3040 *
903 3007 920 3041 '¹¹
933 3005 951 3040 *
1130 3007 1170 3064 70

227 3084 329 3142 Vende
343 3087 465 3142 animam
479 3079 558 3162 lucro
572 3105 579 3142 ι
599 3103 735 3156 mercare,
750 3096 833 3159 atque
847 3096 948 3145 excute
962 3085 1049 3152 solers

188 3161 283 3219 Omne
296 3162 369 3220 latus
382 3163 492 3237 mundi,
505 3159 541 3221 rie
556 3163 592 3221 sit
605 3163 778 3240 praestantior
792 3163 861 3220 alter

189 3240 373 3314 Cappadocas
387 3241 477 3316 rigida
490 3241 610 3318 pingues
624 3240 760 3315 plausisse
774 3240 891 3298 catastd.

189 3315 265 3376 Rem
281 3312 402 3392 du'plica.
443 3317 530 3377 Feci:
548 3319 607 3394 jam
621 3318 731 3394 triplex,
742 3317 802 3395 jam
815 3319 884 3376 mihi
896 3315 1008 3394 quartd,

189 3393 254 3449 Jam
268 3394 363 3453 decies
376 3395 449 3454 redit
463 3397 492 3468 in
506 3415 613 3472 rugam.
655 3395 805 3472 Depunge,
819 3397 868 3454 ubi
881 3396 987 3468 sistam,
1075 3454 1078 3460 ,
1132 3395 1175 3450 75

189 3468 335 3543 Inventus,
349 3473 516 3554 Chrysippe,
530 3474 570 3532 tui
585 3475 676 3532 finitor
690 3473 792 3532 acervi.
