2572 4200
568 193 690 250 siritu
708 186 743 252 x:
797 224 801 232 ·
1020 228 1022 233 -
1104 195 1145 262 ss

161 334 295 400 Delatori
315 335 417 419 quibus
428 344 637 418 indiciisiquo
650 353 720 400 teste
734 333 881 418 probavit?
1105 338 1144 400 70

158 411 211 478 Nil
226 423 343 478 horum:
365 423 482 479 verbosa
495 433 524 478 et
537 423 652 498 grandis
666 419 784 496 epistola
797 423 876 486 venit

161 499 331 574 ACapreis.
373 497 452 556 Bene
467 501 566 568 habet3
588 495 705 574 nit'ptus
719 499 868 575 interrogo.
911 489 1052 573 seuquid
1122 531 1123 540 κ

157 574 263 634 Turba
277 577 390 634 Remit
431 578 564 652 Sequitur
578 573 743 648 Fortunam,
757 587 788 634 ut
802 587 922 654 semper,
936 577 1037 635 etodit
1070 645 1073 650 .

118 654 329 713 “Damnatoa
371 654 453 712 Idem
466 657 597 731 populus,
612 656 636 712 si
650 654 757 712 Nursia
770 649 871 732 Tusco
1131 705 1134 716 ,

162 731 340 804 Εανίεεθῑ,ἐὶ
354 752 487 808 oppressa
500 735 685 790 soretseoura
699 743 847 791 senectus‘
912 735 947 762 ⁸
1105 728 1145 790 76

161 805 313 886 ¹Principis,
329 812 384 868 nas
398 811 607 886 ipst'Sejanum
620 811 728 869 diceret
742 812 810 868 boni

162 888 334 964 Augustum.
375 889 440 946 Jarn
454 891 574 964 pridem,
588 905 623 946 ex
637 907 692 964 quo
706 889 838 966 suffragia
851 887 936 948 nultra
1008 898 1013 903 '

161 965 332 1039 vendimus,
346 966 446 1024 effudit
466 985 563 1026 ouras·
597 966 675 1024 Nam
689 968 737 1040 qui
751 968 836 1025 dabat
848 964 916 1024 oiim

162 1039 327 1119 Imperium,
342 1045 443 1117 fasces,
458 1045 593 1121 legiones,
607 1045 713 1118 omnia,
727 1045 849 1102 naneae

162 1121 307 1195 Continet,
319 1135 402 1198 atque
416 1124 487 1179 duas
500 1120 610 1180 tantum
624 1141 669 1180 res
683 1121 784 1180 anxius
796 1135 883 1199 optat,

162 1193 270 1257 Panem
285 1212 314 1257 et
327 1201 486 1258 Circenses.
528 1200 672 1257 Perituros
683 1201 768 1258 audio
782 1203 896 1259 multos.v

162 1275 213 1334 Nil
228 1279 362 1348 dubiumt
383 1292 486 1354 magna
500 1290 542 1335 est
556 1277 716 1336 fornaouiat
737 1279 888 1354 palliduius
900 1278 941 1337 mi

162 1355 308 1414 Brutidius
322 1359 404 1412 meus
416 1358 451 1413 ad
467 1355 565 1414 Martis
580 1355 632 1413 suit
644 1357 747 1414 obvius
757 1367 842 1414 arant.

162 1427 262 1495 Qutm
275 1435 370 1505 timeo,
384 1428 636 1510 vietus'nepoenas
650 1435 744 1509 exigat
758 1435 842 1510 Ajax,
883 1471 886 1475 —

158 1507 202 1588 ¹Ut
215 1509 289 1569 male
303 1513 454 1570 deibnsus!
476 1513 631 1570 curramus
645 1508 812 1588 praeeipites,
826 1521 865 1586 et,

163 1587 242 1646 Dum
254 1591 331 1666 jaeet
346 1591 375 1648 in
389 1590 459 1666 ripd,
475 1590 618 1647 ealoenrus
632 1591 753 1657 Caesaris
769 1592 885 1648 hostem.

164 1669 221 1726 Sed
236 1667 350 1725 videant
364 1670 445 1740 servi,
459 1687 496 1726 ne
510 1669 572 1743 quis
586 1681 680 1745 neget,
694 1680 723 1726 et
736 1670 867 1745 pavidum
883 1671 913 1727 in
925 1669 973 1746 jus

113 1766 119 1776 ·
163 1745 282 1804 Cervioe
296 1747 431 1804 obstricta
445 1748 592 1804 dominum
605 1748 704 1803 trahat.
746 1747 792 1805 Hi·
800 1763 945 1806 sermones

164 1824 251 1882 Tunc
265 1826 301 1881 de
316 1821 430 1900 Seiano,
447 1836 553 1892 secreta
569 1826 630 1880 haee
645 1843 790 1882 murmura
803 1826 888 1902 vulgi.

164 1901 254 1977 Visne
268 1903 391 1974 salutari,
406 1905 479 1960 siout
490 1903 630 1983 Sejanust
653 1903 756 1958 habere

163 1975 361 2052 Tantundem,
375 1991 459 2056 atqua
469 1981 511 2038 iiii
525 1981 649 2053 summas
663 1981 769 2038 donare
780 1981 917 2039 ,curulesi
935 1992 937 1996 '

160 2057 249 2116 iilum
262 2059 431 2118 exercitibus
445 2061 630 2137 praeponeret
647 2070 723 2121 tutor
737 2059 833 2116 haberi
1019 2123 1021 2128 s
1064 2114 1066 2118 .

164 2136 304 2212 Principis
318 2138 439 2212 angusta
453 2137 625 2213 Caprearum
641 2138 669 2194 in
683 2155 752 2214 rupe
767 2137 892 2202 sedentis
969 2137 970 2142 '

164 2215 238 2272 Cum
252 2233 339 2291 grege
354 2215 511 2273 Chaldaeo?
532 2215 584 2273 Vis
598 2213 675 2272 certe
691 2215 756 2291 pila,
771 2217 911 2287 eohortes,

165 2293 305 2369 Egregios
319 2294 436 2368 equites,
451 2305 479 2351 et
493 2295 775 2366 oast'radomesticai
795 2293 907 2354 Quidni

164 2363 238 2428 Haeo
251 2371 369 2447 oupiast
391 2383 428 2443 et,
442 2373 489 2448 qui
504 2373 604 2429 nolunt
617 2373 748 2431 oooidere
761 2391 932 2448 quenquam,
969 2371 974 2376 “
1033 2387 1034 2390 ’

162 2448 251 2507 Posse
265 2450 370 2509 volunt.
412 2451 470 2509 Sed
484 2469 546 2526 quae
561 2451 697 2527 praeolara
710 2461 738 2507 et
751 2470 882 2526 prospera
896 2450 977 2526 tanti,

163 2527 202 2584 Ut
216 2528 301 2584 rebus
313 2528 386 2585 taetis
399 2547 449 2604 par
464 2530 500 2585 ait
514 2547 645 2586 mensura
659 2529 815 2585 malorum?
1049 2542 1053 2549 “

164 2603 269 2681 Hujus,
284 2607 332 2681 qui
346 2607 474 2678 trahitur,
488 2618 649 2682 pretextam
665 2609 776 2663 sumere
790 2607 888 2680 mavis,
924 2655 938 2678 ,Ἀ
997 2662 1002 2670 ,

163 2684 213 2742 An
228 2683 402 2742 Fidenarum
415 2685 626 2759 Gabiorumque
638 2703 703 2741 esse
715 2693 849 2759 potestas,

148 2757 203 2818 ,Et
216 2763 252 2820 de
266 2764 400 2822 mensura
412 2763 458 2837 jus
472 2763 577 2834 dicere,
591 2781 657 2820 vasa
670 2763 779 2820 minora

163 2837 308 2916 Frangere
323 2859 465 2919 pannosus
477 2839 572 2898 vaeuis
586 2841 690 2901 AEdilis
704 2840 840 2898 Ulubris?

163 2915 242 2994 Ergd
256 2920 322 2994 quid
337 2920 491 2995 optandum
507 2919 586 2990 foret,
602 2919 746 2995 ignorasse
760 2919 856 2979 fateris

162 2995 318 3073 Sejanum:
340 2997 467 3073 namqui
482 2999 583 3056 nimios
592 2999 706 3073 optabat
720 2999 850 3071 honores,
877 3002 880 3006 ’

163 3073 201 3131 Et
215 3076 317 3134 nimias
331 3077 463 3151 poscebat
476 3085 553 3152 opes,
568 3095 719 3135 numerosa
731 3075 848 3152 parabat

162 3151 292 3213 Eteelsae
306 3155 390 3212 turris
403 3155 536 3226 tabulata,
551 3155 627 3210 unde
642 3155 722 3212 altior
736 3164 812 3212 esset

162 3232 265 3304 Casus,
279 3244 308 3290 et
322 3231 448 3308 impulse
463 3251 588 3308 praeeeps
598 3234 722 3289 immane
736 3233 836 3290 ruinae.

161 3309 243 3372 Quid
259 3311 387 3382 Crassos,
401 3311 468 3385 quid
482 3311 632 3386 Pompeios
646 3311 767 3368 evertitt
780 3321 817 3366 ‘et
830 3311 921 3380 iilum,

162 3391 209 3450 Ad
224 3408 276 3446 sua
289 3389 337 3464 qui
351 3389 472 3445 domitos
487 3389 603 3448 deduxit
617 3389 704 3464 flagra
716 3388 870 3449 Quiritest

162 3469 299 3525 Summus
313 3461 416 3541 nentpe
429 3467 509 3522 loeus
522 3467 601 3524 nulla
615 3487 672 3526 non
687 3478 746 3525 arte
760 3465 874 3540 petitus,

163 3543 328 3623 Magnaque
342 3543 506 3604 numinibus
521 3554 582 3600 vota
595 3545 730 3602 exaudita
744 3541 883 3617 malignis.

160 3626 208 3685 Ad
220 3641 358 3702 generum
374 3620 489 3678 Cereris
502 3621 563 3676 sine
577 3622 657 3678 oaede
671 3633 700 3678 et
714 3620 829 3677 vulnere
842 3617 929 3698 pauci

160 3703 352 3763 Descendunt
361 3719 453 3776 reges,
467 3709 496 3756 et
507 3699 584 3756 sicet
598 3710 687 3759 morte
701 3699 822 3774 tyranni.
