2572 4200
149 225 189 284 74
404 273 408 280 ,
459 222 492 270 D.
508 221 606 272 Jurtss
622 219 818 273 JUquAurs

149 364 319 440 Depositum
332 363 464 435 retinere,
478 373 507 422 et
521 355 648 420 fraudem
659 362 723 438 iure
737 359 810 418 tucri

149 441 289 500 Jurando.
330 441 487 503 Quaerebat
500 441 588 511 enirn,
601 459 663 514 quae
677 439 803 496 numinis
816 447 892 496 esset

146 518 245 591 Mens,
259 529 288 577 et
302 539 337 576 an
352 520 407 576 hoc
420 519 459 576 illi
475 519 585 576 lacinus
598 519 729 579 suaderet
742 515 869 592 Apollol

149 595 290 654 Reddidit
303 594 372 672 ergd
387 609 476 667 metu,
490 615 548 654 non
563 596 706 662 moribus;
728 605 866 652 ettamen
879 609 994 652 omnem

149 675 260 732 Vocem
274 675 350 750 adyti
363 675 481 750 dignam
495 673 599 748 templo
612 689 763 746 veramque
776 671 904 747 probavit

149 750 314 810 Exstinctus
328 754 387 811 toul
402 753 505 828 puriter
518 769 583 808 curu
597 751 675 825 prole
688 751 838 824 domoque,

149 829 198 902 Et,
211 830 337 906 quamvis
350 831 436 906 longi
450 829 580 886 deductis
594 840 691 904 gente,
703 827 874 903 propinquis.

149 907 213 967 Has
225 910 328 984 patitur
341 928 439 984 poenas
452 907 590 983 peccandi
604 907 663 964 sola
673 906 809 964 voluntas.

150 983 227 1042 Nam
242 987 335 1044 scelus
350 987 423 1044 iutra
438 1005 468 1043 se
483 985 601 1042 tacitum
614 984 663 1058 qui
677 984 782 1059 cogitat
796 983 926 1054 ullum,
964 1029 966 1038 .

148 1061 232 1121 Facti
245 1064 353 1122 crimen
368 1064 461 1124 habet.
502 1061 592 1134 Cedo‘,
606 1063 630 1120 si
644 1074 745 1121 conata
759 1062 889 1136 peregitl

149 1139 291 1217 Perpetua
304 1143 431 1200 anxietas
445 1161 500 1200 neo
513 1159 619 1200 mense
633 1151 759 1216 tempore
773 1149 876 1211 cessat,

148 1219 293 1280 Faucibus
307 1232 338 1278 ut
351 1221 449 1278 morbo
462 1221 556 1290 siccis,
570 1219 698 1293 interque
711 1218 831 1275 molares

149 1297 267 1355 Difficili
281 1310 427 1355 crescente
441 1298 526 1355 cibo:
545 1299 595 1354 sed
610 1297 676 1354 vina
689 1295 815 1354 misellus

149 1375 286 1451 Exspuit;
308 1375 413 1432 Albani
428 1376 529 1432 veteris
542 1375 664 1450 pretiosa
678 1385 810 1430 senectus

149 1453 298 1528 Displicet.
339 1452 484 1510 Ostendes
498 1451 608 1522 melius,
622 1450 792 1508 densissima
805 1469 877 1526 ruga

148 1529 268 1606 Cogitur
282 1531 311 1587 in
326 1530 457 1600 frontem,
471 1530 547 1587 velut
560 1529 619 1586 acri
634 1530 720 1594 ducta
735 1527 866 1586 Falerno

149 1606 244 1666 Nocte
258 1609 371 1666 brevem
385 1609 409 1665 si
419 1605 489 1665 sorte
505 1607 622 1666 indulsit
635 1625 705 1663 cura
715 1623 856 1681 soporem,

149 1685 188 1743 Et
200 1697 259 1744 toto
273 1700 383 1743 versata
397 1698 457 1744 toro
468 1686 526 1760 jam
542 1686 668 1741 membra
680 1684 847 1758 quiescunt3

149 1761 295 1824 Continuo
309 1764 456 1839 ternplum,
470 1776 499 1821 et
512 1763 605 1824 violati
620 1763 745 1819 numinis
759 1781 831 1832 aras,

149 1843 196 1916 Et,
210 1844 284 1917 quod
297 1842 448 1918 precipuis
462 1854 587 1900 mentem
601 1841 751 1897 sudoribus
765 1851 877 1914 urguet,

148 1920 195 1978 Te
208 1921 284 1978 videt
297 1919 326 1978 in
341 1921 464 1978 somnis:
485 1931 534 1982 tua
548 1937 628 1976 sacra
642 1930 670 1976 et
681 1918 769 1993 major
782 1919 877 1993 imago

149 1999 285 2056 Humani
299 2000 393 2056 turbat
407 1998 549 2074 pavidum,
563 1997 695 2072 cogitque
709 1996 797 2052 fateri.

149 2076 189 2133 Hi
204 2088 279 2148 sunt,
293 2078 341 2152 qui
355 2078 505 2152 trepidant,
520 2087 549 2134 et
562 2075 708 2132 adomnia
722 2074 832 2149 fulgura
845 2072 962 2147 pallent,

147 2153 248 2216 Quum
263 2160 349 2224 tonat3
364 2154 613 2228 exanimesprimo
625 2171 737 2227 quoque
751 2168 896 2208 murmure
909 2150 976 2208 coeli
984 2169 992 2220 ;

148 2231 217 2291 Non
230 2233 310 2308 quasi
325 2232 463 2302 fortuitus,
477 2249 532 2289 nec
546 2241 693 2288 ventorum
708 2230 797 2301 rabie,
811 2229 862 2288 sed

148 2309 242 2367 Iratus
256 2311 340 2368 cadat
353 2310 383 2366 in
397 2321 485 2366 terras
498 2320 527 2365 et
537 2309 647 2383 judicet
655 2307 737 2382 ignis.
790 2361 807 2370 ,,

148 2387 202 2444 Illa
215 2389 286 2446 nihil
301 2388 409 2457 nocuit,
423 2387 492 2444 curti
505 2387 631 2461 graviore
645 2387 758 2449 tiuretur

147 2465 277 2524 Proxima
290 2477 450 2540 tempestas,
464 2465 540 2521 velut
553 2465 607 2522 hoc
621 2464 707 2520 dilata
720 2480 828 2520 sereno.

146 2543 296 2616 Preterea,
310 2544 404 2600 lateris
419 2543 494 2618 vigili
507 2559 574 2598 curn
589 2541 666 2599 febre
679 2541 803 2598 dolorem

146 2621 179 2678 Si
193 2620 306 2698 crepere
319 2622 389 2696 pati,
403 2622 520 2678 missum
533 2621 569 2678 ad
583 2638 636 2676 sua
648 2637 766 2693 corpora
777 2618 908 2676 morbum

146 2698 254 2758 Infesto
267 2701 388 2758 credunt
401 2719 417 2755 a
433 2699 569 2758 numine:
590 2717 659 2754 saxa
672 2697 790 2755 deorum

146 2777 219 2834 Haec
233 2789 262 2836 et
275 2779 331 2836 tela
343 2788 452 2853 putant.
494 2777 638 2834 Pecudem
652 2776 790 2850 spondere
803 2773 881 2832 secel

145 2855 304 2927 Balantem‚
316 2865 345 2912 et
359 2855 479 2912 Laribus
493 2856 606 2912 cristam
620 2854 780 2928 promittere
794 2852 863 2926 galli

144 2933 211 2992 Non
227 2935 350 2990 audent:
371 2933 528 3006 quidecim
543 2949 655 3006 sperare
669 2929 838 2986 nocentibus
853 2929 936 3004 aegris

144 3010 343 3069 Concessuml
363 3009 405 3066 vel
419 3027 482 3083 quae
497 3029 554 3066 non
568 3009 679 3083 dignior
693 3007 786 3064 hostia
799 3005 876 3063 vital
1070 3007 1131 3066 235

144 3086 260 3148 Mobilis
273 3100 303 3146 et
315 3088 392 3145 varia
404 3099 448 3144 est
461 3084 549 3144 senne
564 3100 664 3145 nutura
678 3083 824 3140 malorum.

143 3165 245 3229 Quum
258 3166 351 3222 scelus
364 3165 525 3235 admittunt,
540 3174 667 3240 superest
680 3161 847 3219 constantia,
887 3161 969 3224 Quid
983 3163 1025 3220 fas
1114 3229 1118 3236 Ι

144 3245 239 3319 Atque
253 3244 341 3316 nefas,
355 3243 469 3300 tandem
483 3241 623 3316 incipiunt
636 3239 740 3298 sentire
753 3239 875 3315 peractis
1081 3241 1083 3246 ’

144 3323 331 3382 Criminibus.
375 3320 489 3378 Tamen
506 3321 540 3378 od
556 3337 648 3377 mores
661 3329 762 3376 natura
776 3318 895 3376 recurrit

144 3400 312 3471 Damnatos,
326 3399 382 3458 lixa
396 3409 424 3455 et
440 3398 541 3455 mutari
555 3397 660 3454 nescia.
701 3395 779 3452 Nam
793 3397 856 3472 quis
1064 3394 1131 3452 2⁴10

144 3479 288 3536 Peccandi
302 3478 387 3536 finem
402 3476 494 3552 posuit
507 3476 580 3534 sibil
600 3475 714 3550 quando
727 3473 834 3549 recepit

141 3555 276 3631 'Ejectum
290 3555 377 3613 semel
392 3555 487 3612 attriul
501 3556 537 3612 dc
552 3555 642 3612 fronte
656 3553 811 3610 ruboreml

142 3631 288 3693 Quisnam
302 3634 448 3690 hominum
462 3645 515 3704 est,
529 3651 613 3708 quern
627 3644 658 3689 tu
672 3642 838 3688 contentum
852 3627 955 3686 videris
967 3644 1026 3684 uno

144 3710 287 3785 Flagitiol
327 3711 415 3768 Dabit
429 3711 457 3769 in
471 3712 604 3786 laqueum
618 3709 735 3784 vestigia
748 3719 842 3766 noster
