2572 4200
157 239 198 298 70
468 237 500 286 D.
518 235 614 286 JUNll
631 236 826 286 JUl'ENALlS

156 379 331 451 Quaesitum,
344 389 373 436 et
380 389 475 454 partos
488 379 582 455 gladio
596 379 638 436 vel
652 379 754 453 pyxide
768 377 919 436 nummosi

158 457 230 513 Rari
244 459 346 532 quippe
361 457 444 514 boni:
465 475 601 513 numerus
614 457 660 511 vix
673 457 716 513 est
729 457 856 529 totidem,
869 465 937 530 quot

158 533 325 592 Thebarum
338 545 435 610 porte,
450 534 493 590 vel
508 535 601 591 divitis
614 535 686 590 ostia
699 533 769 591 Nili.

159 611 245 669 Nona
258 623 325 670 aetas
340 613 442 688 agitur,
455 613 603 688 pejoraque
617 611 721 668 secula
735 611 800 668 ferri

159 688 359 766 Temporibus,
373 708 491 764 quorum
505 690 605 746 sceleri
620 709 676 746 non
693 689 801 746 invenit
814 689 874 765 ipsa

159 766 273 825 Nomen
288 780 316 826 et
331 787 348 824 a
361 769 438 825 nullo
451 768 544 843 posuit
558 779 658 824 natura
672 767 794 825 metallo.

159 845 221 902 Noe
235 847 380 903 hominum
395 846 546 920 divumque
560 845 644 902 fidem
659 845 780 902 clamore
794 846 912 918 olemus,

158 924 277 986 Quanto
291 923 443 982 Faesidium
458 923 555 980 laudat
568 923 672 979 vocalis
686 935 816 998 agentem

161 1002 300 1078 Sportula.
334 1001 407 1073 Dic,
421 1001 525 1074 senior,
540 1001 616 1058 bulla
631 1000 806 1076 dignissime,
820 1000 924 1072 nescis,

159 1080 242 1144 Quas
256 1081 358 1136 habeat
372 1080 499 1136 Veneres
513 1079 605 1137 aliena
618 1079 759 1154 pecunial
781 1078 885 1150 nescis,

159 1158 255 1220 Quem
270 1170 319 1215 tua
332 1158 497 1234 simplicitas
510 1159 598 1214 risum
612 1157 696 1232 vulgo
709 1168 828 1228 moveat,
843 1173 931 1230 quum
998 1191 1005 1198 -

160 1235 261 1310 Exigis
272 1255 291 1292 a
303 1255 453 1310 quoquam,
467 1255 504 1292 ne
517 1237 633 1311 pejeret,
646 1247 676 1292 et
687 1245 768 1310 putet
782 1235 846 1291 ullis

160 1313 231 1369 Esse
246 1313 357 1386 aliquod
372 1332 477 1370 numen
492 1314 613 1388 templis,
628 1329 738 1386 araeque
751 1312 885 1370 rubentil

160 1390 316 1450 Quondam
330 1392 384 1447 hoc
398 1391 539 1466 indigene
554 1390 686 1446 vivebant
699 1407 787 1460 more,
800 1387 880 1465 pride
894 1385 980 1464 qudm

162 1468 293 1524 Sumeret
306 1479 446 1543 agrestem
459 1468 550 1544 posito
564 1467 723 1523 diademate
738 1467 838 1524 falcem

162 1547 302 1601 Saturnus
316 1545 444 1621 fugiens;
466 1557 545 1617 tunc,
559 1563 646 1619 quum
661 1545 826 1619 virguncula
839 1544 926 1616 luno,

161 1621 199 1678 Et
211 1623 335 1698 privatus
349 1623 443 1680 adhuc
457 1622 542 1679 Idaeis
555 1623 669 1698 Jupiter
684 1623 780 1678 antris.

161 1698 249 1756 Nulla
262 1719 346 1776 super
360 1701 451 1758 nubes
465 1701 592 1758 convivia
605 1699 808 1770 coelicolarum,

161 1776 226 1834 Nee
239 1796 309 1852 puer
324 1778 441 1850 Iliacus,
456 1778 577 1836 formosa
589 1798 644 1835 nec
658 1777 792 1835 Herculis
806 1795 879 1850 uxor

162 1855 210 1912 Ad
223 1858 350 1932 cyathos,
363 1866 391 1912 et
401 1856 460 1932 jam
474 1857 580 1915 siccato
590 1867 704 1912 nectare
718 1867 832 1932 tergens

162 1933 284 1990 Brachia
298 1934 444 1992 Vulcanus
458 1933 586 2010 Liparaed
600 1935 681 2009 nigra
693 1933 819 1991 taberna.

162 2011 323 2069 Prandebat
335 2011 388 2068 sibi
402 2013 519 2086 quisque
533 2013 613 2082 deus,
628 2030 682 2068 nec
695 2012 778 2068 turba
791 2013 908 2068 deorum

162 2088 253 2160 Talis,
268 2100 355 2146 ut‘est
369 2091 462 2160 hodie,
477 2100 664 2163 contentaque
678 2090 772 2161 sidera
784 2089 883 2164 paucis

162 2165 337 2226 Numinibus
351 2168 484 2224 miserum
499 2167 657 2242 urguebant
671 2167 788 2223 Atlanta
802 2165 904 2224 minori

163 2241 300 2301 Pondere,
341 2244 478 2301 Nondum
492 2245 592 2318 aliquis
606 2245 719 2302 sortitus
732 2245 810 2301 triste
824 2242 955 2320 profundi

163 2320 327 2396 Imperium,
338 2333 388 2378 aut
396 2321 500 2378 -Sioulfa
513 2331 607 2378 torvus
621 2339 686 2378 cum
701 2321 822 2397 conjuge
837 2320 947 2379 Pluton.

163 2397 228 2455 Nec
241 2409 311 2470 rota,
325 2417 380 2455 nec
394 2398 497 2470 Furiae,
512 2418 567 2456 nec
581 2417 689 2470 saxum,
704 2410 753 2455 aut
766 2399 883 2455 vulturis
896 2399 949 2457 atri

163 2476 270 2544 Poena;
292 2477 342 2532 sed
356 2476 474 2534 infernis
488 2477 590 2533 hilares
604 2477 664 2533 sine
678 2475 792 2550 regibus
805 2477 921 2534 umbrae.

163 2553 331 2629 Improbitas
345 2554 392 2611 illo
406 2554 457 2612 luit
471 2555 642 2612 admirabilis
656 2572 723 2610 aevo.

163 2631 326 2689 Credebant
339 2633 394 2689 hoc
408 2633 618 2708 grandenelas,
632 2644 661 2689 et
673 2641 762 2689 morte
775 2631 922 2722 piandum,

93 2777 99 2791 Ι
164 2709 195 2766 Si
207 2709 318 2785 juvenis
331 2711 424 2768 vetulo
438 2731 495 2768 non
509 2711 704 2768 adsurrexerat
717 2721 746 2768 et
759 2729 783 2768 sr

163 2787 284 2846 Barbato
297 2789 456 2862 cuicunque
470 2807 550 2863 puer,
564 2787 634 2846 licet
646 2789 705 2864 ipse
720 2789 826 2844 videret
844 2803 852 2814 ·

96 2863 100 2875 '
163 2863 248 2921 Plura
262 2865 337 2922 domi
352 2865 439 2940 fraga,
449 2877 479 2922 et
492 2867 611 2940 majores
623 2865 735 2940 glandis
748 2883 870 2922 acervos.

163 2941 239 2998 Tam
253 2942 412 2998 venerabile
427 2953 487 2999 erat
499 2943 659 3017 precedere
672 2943 791 3016 quatuor
805 2941 897 3013 annis,

164 3019 312 3092 Primaque
326 3038 376 3092 par
390 3017 461 3076 adeo
475 3037 563 3076 sacrae
576 3019 681 3092 lanugo
695 3020 835 3075 senectae!

163 3095 261 3165 Nunc,
276 3097 299 3152 si
314 3096 471 3170 depositum
485 3115 543 3153 non
557 3095 692 3152 infitietur
706 3095 823 3166 amicus,

165 3174 197 3230 Si
211 3175 311 3230 reddat
324 3184 446 3231 veterem
460 3191 526 3229 cum
540 3174 598 3231 toul
613 3173 739 3248 aerugine
753 3173 860 3245 follem,

165 3251 330 3326 Prodigiosa
344 3249 424 3322 fides,
437 3263 467 3308 et
480 3250 586 3307 Tuscis
600 3251 687 3325 digna
701 3250 812 3323 libellis,

164 3328 297 3402 Quaeque
311 3329 445 3386 coronata
458 3328 571 3385 lustrari
583 3328 684 3385 debeat
697 3328 780 3404 agnd.

77 3455 79 3460 ,
165 3405 322 3481 Egregium
337 3417 523 3481 sanctumque
537 3407 627 3462 virum
642 3405 665 3463 si
679 3424 775 3478 cerno,
790 3405 928 3464 bimembr

166 3483 231 3540 Hoc
240 3494 401 3552 monstrum
414 3502 511 3559 puero,
526 3494 574 3540 aut
587 3483 700 3541 miranti
714 3485 767 3540 sub
778 3495 870 3542 aratro

166 3560 298 3616 Piscibus
311 3561 443 3634 inventis,
456 3571 485 3618 et
500 3561 573 3619 foetae
587 3579 719 3636 comparo
733 3562 827 3634 muln,

167 3637 321 3709 Sollicitus,
335 3649 470 3713 tanquam
483 3640 592 3714 lapides
604 3639 736 3697 effuderit
749 3640 849 3710 imber,

166 3712 329 3771 Examenve
343 3716 438 3792 apium
452 3716 537 3792 longd
552 3718 712 3775 consederit
725 3719 780 3773 uva
