2614 4186
101 209 211 326 'inq
362 266 364 271 -
488 240 517 292 a
537 235 649 292 resen
666 220 788 302 rancor

147 377 226 441 Tun?
241 377 510 444 maretranssliast
526 375 587 454 tibi,
601 383 674 442 to'rtd
687 367 815 442 cannabe
830 380 908 454 fulto,

148 458 239 519 Coeua
253 461 289 518 sit
303 459 332 518 in
347 463 492 531 transtrol
531 459 779 536 Veientanumque
793 461 932 517 rubellum

147 531 269 598 Exbalet
283 534 385 613 vapida
399 540 498 596 lesum
511 540 575 614 pice
589 535 682 594 fissilis
695 532 787 595 cbbal

54 658 59 668 .
146 599 228 676 Quid
242 617 336 691 petisl
357 627 387 672 ut
401 615 520 687 nummi,
534 631 603 691 qnos
617 613 665 672 bic
698 607 839 673 uincunee'
853 609 980 674 modesto
1103 661 1125 676 .-

149 685 306 768 Nutrictas‚
321 705 440 770 pergant
454 695 549 752 avidos
562 691 664 766 sudare
677 635 823 750 deuncesl
993 722 998 728 ·
1073 689 1131 752 150

149 765 269 846 indulge
283 771 377 845 genio,
393 788 541 846 carpamus
554 763 667 828 dulcia:
688 782 815 844 nostrum
829 781 880 844 est,

146 847 235 910 Quod
250 847 336 904 vivist
358 849 430 908 cinis
443 855 472 906 et
485 865 582 904 manes
596 857 629 904 et
638 848 731 905 fabula
745 848 802 907 lies.
962 899 966 917 ,

72 977 78 987 ,
147 920 219 990 Vive
233 939 339 982 memor
352 917 416 982 leti:
437 923 509 1002 sugit
522 924 608 984 hora:
629 925 694 996 boc,
703 924 798 1003 quodl
836 945 896 998 uor,
910 926 977 984 inde
990 936 1049 984 est..

177 995 232 1059 Eu
246 998 313 1076 quid
327 1003 409 1078 agisl
430 1001 536 1079 duplici
549 1003 579 1060 in
594 1004 735 1060 diversum
749 1003 811 1060 scin
832 1003 887 1061 eris
903 1004 1005 1061 barno:

149 1071 302 1137 Hunccine
316 1099 352 1136 an
367 1079 443 1136 hunc
457 1081 605 1156 sequerisl
626 1081 727 1138 subeas
741 1083 864 1138 alternus
877 1091 985 1158 oportet
1073 1078 1130 1138 155

57 1227 65 1240 ἱ
148 1157 276 1234 Ancipiti
290 1157 424 1232 obsequio
439 1159 567 1219 dominos
579 1178 586 1228 ;
608 1158 732 1224 alternus
745 1159 867 1224 oberres.

148 1231 268 1306 Necte,
283 1253 369 1310 quum
383 1237 523 1306 obstiteris
537 1237 633 1308 semel,
649 1237 823 1310 instantique
836 1236 953 1312 negdris.

148 1312 251 1373 nuere
266 1313 392 1388 imperio,
406 1313 484 1388 Rupi
495 1315 554 1390 jam
569 1315 694 1384 vincula,
707 1315 808 1386 dicas„

180 1409 224 1446 am
238 1401 267 1446 et
279 1387 477 1448 luctata'canis
491 1392 598 1450 nodum
606 1391 733 1466 abripit:
752 1402 876 1448 attamen
889 1391 942 1463 illi,
1097 1445 1099 1452 .

145 1465 248 1526 Quum
260 1466 339 1541 fugit,
355 1487 371 1524 a
384 1468 457 1524 collo
470 1469 588 1526 trahitur
602 1487 667 1543 pars
680 1469 764 1544 longa
777 1479 894 1526 catenae.
1073 1467 1132 1526 loo

106 1547 113 1556 ’
187 1541 276 1615 Dave,
290 1543 359 1614 citd,
374 1543 428 1606 boc
442 1547 541 1602 credas
551 1546 646 1620 jubeo,
660 1547 742 1604 linire
756 1546 865 1603 dolores
913 1550 917 1561 “

148 1617 308 1690 Preteritos
322 1623 460 1680 meditor:
481 1623 612 1698 (crudum
628 1627 834 1684 cnaerestrnus
848 1641 973 1700 unguem
1072 1629 1075 1640 ¹

149 1697 298 1759 Abrodens
312 1701 350 1757 ait
364 1701 449 1779 haec.)
470 1721 507 1758 an
521 1703 605 1760 siccis
618 1693 742 1760 dedecus
755 1702 876 1777 obstem

147 1774 307 1853 Cognatisl
328 1799 365 1836 an
378 1797 439 1836 rem
452 1781 570 1854 patriam
585 1800 696 1858 rumore
711 1779 823 1842 sinistro
919 1821 923 1826 .
961 1829 973 1837 .,

149 1851 249 1913 Limen
264 1858 300 1914 ad
313 1857 479 1914 obeomm
493 1858 632 1934 frangam,
641 1860 709 1915 dum
723 1857 870 1930 Chrysidis
883 1857 955 1918 udas
1075 1852 1133 1916 165

148 1933 253 1992 Ebrius
266 1947 333 1993 ante
344 1935 416 1993 lbres
430 1936 569 1998 exstincti
583 1955 650 1994 cunr
663 1937 724 1993 sace
738 1935 845 1994 cantol

149 2018 157 2045 ‘
172 2012 266 2088 Euge,
278 2032 360 2088 puer,
372 2013 482 2088 sapias:
503 2013 547 2070 dis
562 2015 765 2090 depellentibus
780 2031 881 2087 agnam

149 2091 287 2148 Percote?
328 2093 384 2148 Sed
400 2093 526 2163 censen’,
539 2092 670 2165 plorabit,
682 2091 772 2164 Dave,
781 2091 906 2148 relicta?

149 2175 157 2200 ¹
173 2167 317 2242 Nugaris:
338 2169 414 2226 solea
428 2188 496 2244 puer
510 2170 694 2244 objurgabere
709 2167 801 2224 rubri.
1023 2220 1025 2224 .

69 2241 74 2248 ’
149 2245 196 2302 Ne
210 2247 350 2320 trepidare
364 2247 538 2320 velis,atque
553 2260 643 2304 arctos
657 2247 755 2303 rodere
770 2263 872 2302 casses.
1089 2243 1132 2302 tn

149 2322 237 2378 Nunc
252 2323 326 2379 serus
340 2336 368 2379 et
382 2323 508 2378 violeris:
528 2334 565 2394 at,
580 2325 604 2380 si
617 2334 707 2393 vocet,-
722 2323 797 2378 baud
811 2341 900 2394 mora,
913 2323 1002 2394 dicas,

148 2399 297 2460 Quidnam
310 2400 395 2474 igitur
410 2400 533 2457 faciam-l
552 2419 589 2458 ne
603 2419 692 2472 nunc,
705 2417 793 2476 quum¹
803 2417 946 2473 accersor,
956 2411 985 2458 et
998 2399 1072 2457 ultro

150 2472 310 2551 Supplicat,
322 2478 479 2534 accedaml
500 2478 523 2534 si
537 2488 611 2535 totus
625 2489 654 2535 et
664 2479 776 2556 integer
790 2475 884 2534 illino.

150 2553 279 2625 Exieras,
292 2574 329 2612 ne
343 2557 437 2612 uunc'
479 2555 550 2627 Hic,
563 2556 620 2628 bic,
633 2575 716 2631 quem
731 2554 893 2629 querimus,
907 2554 955 2616 liic
968 2567 1030 2612 est:
1083 2567 1086 2574 ’

149 2631 218 2689 Non
232 2632 262 2690 in
276 2633 488 2704 sestucti,‘lictor
502 2653 585 2710 quam
597 2635 685 2710 jactat
698 2633 818 2709 ineptus.
1073 2631 1133 2700 175

149 2709 167 2766 J
170 2729 203 2766 us
218 2711 303 2767 babet
315 2713 361 2768 ille
376 2707 420 2770 sui
434 2711 527 2788 palpo,
540 2732 623 2787 quem
638 2713 717 2770 ducit
731 2711 856 2768 hiantem
885 2755 896 2765 ..

150 2787 264 2845 Cretata
278 2790 413 2847 ambitiol
454 2789 558 2866 Vigila,
572 2803 601 2847 et
615 2791 691 2846 cicer
705 2787 897 2865 ingerelargd
993 2819 997 2826 ·

150 2865 269 2924 Rirantl
283 2867 397 2942 populo,
410 2879 506 2926 nostra
519 2878 550 2924 ut
564 2867 686 2925 Floralia
699 2867 806 2942 possint

150 2943 250 3019 Aprici
264 2945 426 3001 meminisse
438 2963 528 3000 senes.
569 2945 657 3006 Quid
663 2945 808 3019 pulchrius
814 2943 907 3002 t-At
919 2961 1007 3018 quum
1087 2950 1089 2954 ’

150 3021 273 3095 Herodis
287 3019 390 3080 vendre
404 3023 474 3092 dies,
490 3018 630 3096 ductique
645 3021 767 3078 fenestre
842 3019 844 3024 ’
1076 3021 1135 3082 18⁰

149 3098 299 3173 Dispositae
312 3099 446 3174 pinguem
460 3099 591 3156 nebulam
606 3097 738 3170 vomuere
751 3098 886 3179 lucemae,
988 3160 991 3166 ,

150 3177 297 3235 Portantes
311 3177 405 3248 violas,
421 3177 590 3254 rubrumque
605 3175 732 3252 amplexa
745 3176 872 3234 catinum

151 3255 254 3317 cauda
267 3266 345 3312 natat
355 3253 467 3332 thynni,
481 3258 571 3312 tumet
584 3254 648 3310 alba
662 3254 757 3312 tidelia
772 3255 854 3312 vino:

151 3331 243 3392 Labra
257 3352 352 3391 mores
366 3333 478 3405 tacitus,
492 3333 666 3407 recutitaque
680 3333 796 3389 sabbata
809 3331 908 3408 palles.

151 3413 239 3470 Tunc
253 3411 326 3488 nigri
337 3413 467 3484 lemures,
482 3425 588 3486 oroque
602 3409 728 3486 pericula
740 3421 840 3488 rupto:
1075 3407 1133 3472 185

152 3489 231 3548 Hinc
244 3491 366 3564 grandes
379 3491 465 3563 Galli,
480 3501 587 3562 etcum
602 3489 682 3566 sistro
696 3489 776 3546 lusca
789 3489 931 3559 sacerdos,

153 3565 305 3626 lncussdre
319 3569 387 3625 deos
401 3567 532 3626 inflantes
546 3565 671 3644 corpora,
686 3569 710 3625 si
724 3585 782 3626 non

153 3644 324 3722 Praedictum
338 3657 380 3703 ter
391 3649 477 3708 'mane
490 3658 576 3724 caput
588 3645 745 3723 gustaveris
759 3643 819 3706 alli.
