2614 4186
533 232 657 286 SATIRA
675 233 735 314 xil.

136 376 203 437 Illie
216 377 362 450 auruleus,
376 375 425 434 hio
437 377 545 453 pisoem
559 377 693 446 fluminis,
707 374 766 434 illio

136 457 252 533 Oppida
265 467 323 514 tota
335 474 437 512 oanem
451 469 629 527 venerantur,
645 473 728 512 nemo
743 453 875 511 Dianam.
934 457 937 462 ’

137 533 257 593 Ροιιιιιιι
271 545 300 592 et
314 549 392 608 oaepe
406 533 485 590 nefas
498 533 611 603 violare,
625 546 654 590 et
668 533 800 622 frangere
811 549 915 589 morsu.
974 595 976 598 ¹

138 613 167 670 0
181 624 295 670 sanetas
307 621 417 688 gentes,
431 610 533 685 quibus
547 577 611 666 heo’
623 621 778 667 naseuntur
793 611 822 667 in
834 609 922 668 hortis
1065 611 1069 620 “
1090 607 1127 666 to

140 689 286 748 Numinal
328 688 445 746 Lanatis
460 688 628 745 animalibus
641 689 763 758 abstinet
775 689 868 745 omnis
979 737 983 745 .

139 767 252 832 Mensa.
291 765 382 824 Nefas
395 765 454 824 illio
468 767 567 822 fetum
578 766 707 842 jugulare
722 764 890 840 capelle:

126 846 282 914 ‚Carnibus
296 845 427 900 humanis
441 861 516 899 veser
510 843 605 900 lieet.
648 843 784 901 Attonito
791 860 881 918 quum

138 923 213 980 Tele
227 942 311 998 super
325 939 437 978 ooenam
451 921 561 978 faoinus
575 932 701 977 narraret
715 921 813 978 Ulixes

139 997 273 1072 Alcinoo,
286 999 374 1056 bilem
386 1011 434 1056 aut
448 999 535 1055 risum
550 998 665 1056 fortasse
676 999 844 1072 quibusdam
948 1009 958 1020 ¹
1061 1066 1063 1070 Ι
1078 997 1127 1054 ’·15

139 1077 278 1149 Moverat,
292 1087 324 1134 ut
337 1078 460 1134 mendax
474 1077 641 1151 aretalogus.
684 1076 719 1137 In
734 1095 813 1132 mare
825 1091 930 1134 nemo·
1026 1103 1030 1116 ·

140 1156 228 1214 Hune
243 1155 338 1226 abioit,
352 1156 427 1211 saevri
441 1155 560 1229 dignum
574 1155 695 1228 veraque
710 1153 903 1228 Charybdi,

139 1233 194 1292 Fin
197 1245 313 1310 gentem
326 1234 466 1289 immanes
479 1231 678 1306 Laestrygones
692 1239 776 1304 atque
788 1231 957 1318 Cyclopasl

139 1311 215 1369 Nam
230 1309 315 1371 eitius
329 1311 462 1384 Scyllam,
471 1309 519 1366 vel
532 1309 732 1366 concurrentia
745 1327 814 1369 saxa

140 1390 281 1466 Cyaneas,
294 1389 393 1464 plenos
407 1399 437 1444 et
450 1387 662 1477 tempestatibus
676 1397 754 1444 utres

139 1465 327 1537 Crediderim,
342 1477 390 1523 aut
402 1466 481 1522 tenui
494 1483 658 1560 persuasum
673 1464 795 1522 verbere
802 1463 911 1535 Circes,

140 1545 178 1602 Et
191 1564 257 1601 oum
271 1545 423 1633 remigibus
436 1542 586 1618 grunnisse
600 1541 741 1618 Elpenora
751 1543 852 1618 porois.

141 1622 217 1680 Tam
232 1623 313 1680 vanui
328 1622 427 1697 eapitis
441 1621 587 1698 populum
584 1621 711 1677 Phaeaoa
724 1621 852 1710 putavitl

141 1701 191 1758 Sio
205 1701 304 1775 aliquis
317 1698 417 1759 meriti)
431 1700 557 1756 nondum
571 1699 677 1769 ebrius,
691 1709 723 1756 et
733 1699 882 1756 minimum
895 1697 942 1774 qui

141 1778 186 1835 De
200 1779 349 1854 Coreyraed
364 1789 499 1835 temetum
513 1777 630 1832 duxerat
644 1777 733 1834 urnii:
784 1797 821 1830 .’
1124 1845 1127 1848 ¹

141 1857 226 1914 Solus
240 1857 317 1913 enim
332 1857 385 1912 hoe
400 1854 516 1911 Ithacus
530 1854 608 1911 nullo
621 1855 674 1910 sub
685 1865 756 1910 teste
770 1854 900 1916 oenebab
1004 1881 1006 1886 ·

140 1933 203 1991 Nos
216 1935 343 1991 miranda
356 1933 480 2007 quidem,
495 1933 545 1988 sed
556 1951 646 2006 nuper
661 1931 786 1989 Consule
801 1931 819 1988 J
822 1932 890 1989 unio

141 2013 228 2069 Gesta
242 2031 325 2087 super
339 2011 439 2068 ealidae
455 2010 609 2067 referemus
622 2009 728 2066 moenia
737 2009 841 2086 Copti3

140 2089 205 2148 Nos
217 2089 293 2164 vulgi
307 2088 410 2158 scelus,
425 2100 454 2145 et
467 2089 580 2146 eunetis
594 2089 721 2163 giariora
735 2087 889 2144 cothurnis.

141 2166 216 2224 Nam
231 2168 324 2224 seelus
337 2187 355 2223 a
369 2165 487 2240 Pyrrhi,
501 2166 772 2240 quanquamemnia
785 2176 909 2240 syrmata
921 2165 1027 2235 volvas,
1073 2173 1075 2182 ’

141 2244 246 2302 Nullus
260 2246 333 2321 apud
348 2245 469 2319 tragicos
483 2245 603 2319 populus
619 2243 693 2300 facit.
720 2244 856 2318 -Aeoipe,
871 2255 968 2302 nostre

141 2323 211 2382 Dira
223 2323 298 2398 quod
312 2323 471 2397 exemplum
486 2322 581 2378 feritas
593 2321 756 2398 produxerit
770 2339 837 2379 aevo.

179 2401 258 2458 Inter
272 2400 406 2457 finitimos
420 2411 499 2456 vetus
513 2411 595 2474 atque
609 2399 724 2473 antiqua
738 2400 876 2472 simultas,

141 2478 303 2536 Immortale
317 2479 424 2549 odium,
438 2490 466 2535 et
481 2495 625 2551 nonquam
640 2477 765 2536 sanabile
776 2477 878 2536 vulnus

141 2557 233 2614 Ardet
246 2557 340 2613 adhue
354 2556 460 2630 Coptos
473 2566 502 2611 et
515 2554 651 2630 Tentyra.
693 2557 830 2612 Summus
843 2556 975 2629 utrinque

140 2632 214 2691 Inde
229 2635 309 2691 furorv
319 2634 410 2708 vulgo,
424 2630 501 2707 qubd
516 2634 634 2690 numina
647 2633 803 2690 vicinorum

139 2713 218 2770 Odit.
224 2715 340 2786 uterque
354 2711 442 2780 loeus,
456 2728 542 2784 quum
557 2710 630 2767 solos
642 2711 740 2776 eredat
754 2710 898 2768 habendos

140 2788 212 2848 Esse
226 2791 304 2860 deos,
319 2806 389 2863 quos
400 2789 460 2864 ipse
475 2788 551 2845 solit.
593 2788 650 2844 Sed
665 2799 791 2863 tempore
806 2787 877 2845 sesto

141 2867 267 2924 Alterius
279 2867 375 2942 populi
387 2866 523 2943 rapienda
536 2866 649 2924 oocasio
662 2865 773 2924 eunetis
830 2915 833 2922 .

140 2945 211 3002 Visa
224 2945 405 3002 inimieorum
419 2945 588 3019 primoribus
602 2963 636 3000 ae
649 2943 780 3016 ducibus,
794 2962 831 3001 ne

141 3022 252 3080 Laetum
266 3023 438 3113 hilaremque
452 3022 538 3093 diem,
553 3041 590 3080 ne
604 3041 714 3098 magnae
727 3023 832 3098 gaudia
846 3039 936 3079 eoenae

142 3101 293 3159 Sentirent
290 3100 407 3177 ,positis
421 3101 460 3156 ad
471 3101 575 3176 templa
588 3111 617 3158 et
630 3101 752 3176 compita
766 3101 882 3173 mensis,

140 3176 338 3255 Pervigilique
342 3190 403 3236 toro
405 3196 510 3252 ,quem
525 3189 608 3236 noete
623 3197 657 3236 ac
670 3179 756 3236 luee
745 3190 889 3274 Jaoentem

142 3258 288 3334 Septimus
301 3257 443 3314 interdurn
458 3257 517 3313 sol
511 3257 626 3313 invenit.
669 3255 793 3314 Horrida
806 3253 876 3314 sane

141 3335 299 3411 AEgyptus:
321 3335 371 3391 sed
384 3333 496 3390 luxurii
499 3333 656 3408 ‚quantum
672 3334 732 3411 ipse
746 3335 850 3406 notari,
948 3399 951 3404 .

141 3411 265 3472 Barbara
279 3413 385 3476 fumoso
398 3429 455 3468 non
470 3413 546 3468 oedit
560 3412 641 3468 turba
655 3412 781 3487 Canopo.

141 3492 236 3562 Adde,
250 3487 326 3566 qued
340 3501 369 3547 et
382 3489 472 3547 saoilis
485 3489 602 3546 viatoria
615 3490 651 3546 de
664 3491 795 3560 madidis,
809 3500 838 3546 et

94 3577 98 3586 ’
140 3569 251 3640 Blaesis,
265 3580 347 3642 atque
361 3586 439 3626 mero
452 3567 647 3624 titubantibus.
688 3565 762 3625 Inde
777 3567 899 3624 virorum

141 3647 266 3705 Saltatus
280 3647 362 3722 nigro
375 3646 502 3716 tibicine,
516 3645 723 3720 qualiaeunque

140 3725 304 3802 Unguenta,
318 3735 347 3782 et
360 3723 452 3795 flores,
468 3724 618 3798 multaque
631 3723 661 3778 in
676 3724 766 3780 fronte
779 3739 910 3782 coronae:
