2614 4186
162 209 217 266 100
493 209 523 256 Α.
542 207 652 256 Puusn
671 207 800 258 FLACCl.

158 339 259 407 Quum
273 347 346 404 bene
360 347 500 407 discincto
513 348 667 406 cantaverit
678 339 774 422 ocima
787 366 887 406 vernae.
970 335 972 342 '

162 423 198 481 Ut
211 445 295 482 nemo
310 426 339 481 in
354 444 415 481 sese
429 435 519 484 tentat
532 426 714 496 descendere,
729 426 828 483 nemol
916 475 918 480 s

160 501 218 558 Sed
232 503 403 577 praecedenti
416 513 558 577 spectatur
569 503 693 560 mantica
705 513 791 611 tergq.
995 563 997 566 ,

197 579 364 654 Quaesieris,
378 578 492 638 Nbstin'
507 579 785 654 Vectidlpraedial‘
797 580 906 656 cujusl’
1097 579 1139 639 25

159 655 247 714 Dives
260 668 320 715 arat
333 658 456 714 Curibus
458 656 615 748 ,quantum
628 677 686 714 non
700 657 800 715 mrlvus
812 659 930 716 oberret
1000 711 1026 730 ,Ι
1124 692 1126 696 -
1156 675 1160 680 ·

160 739 167 765 ‘
184 733 272 791 Hunc
283 735 343 792 aisl
365 737 441 792 hunc
454 703 520 792 dis
512 735 590 792 iratis
603 735 769 811 genioque
757 735 888 794 sinistrol
965 793 966 800 ,

158 811 221 872 Qui
234 813 422 888 quandoque
411 824 512 890 Jugum
525 814 642 889 pertusa
653 816 688 870 ad
700 814 823 889 compita
831 813 900 902 figit,

160 890 276 948 Scriolre
291 901 412 948 veterem
426 903 556 949 metuens
567 892 706 948 deradere
719 890 853 963 limum,

148 965 293 1042 [Ingemit
306 968 373 1025 Hoc
386 967 450 1026 bene
463 971 521 1026 sit!
542 970 697 1027 tunicatum
712 987 778 1026 curn
793 939 850 1026 sale
865 969 998 1028 mordens
1092 949 1138 1036 30

160 1043 261 1120 Cape:
282 1057 311 1103 et
325 1047 427 1104 serrati
451 1048 545 1137 pueris
558 1046 758 1138 plaudentibus
780 1047 846 1116 olla,

159 1121 318 1181 Ριιιιιοιιιιι
333 1125 431 1182 fecem
446 1126 590 1196 morientis
604 1125 697 1182 sorbet
710 1125 801 1183 aceti!
818 1123 977 1188 mi*
1008 1149 1010 1152 ·

198 1201 374 1259 Caedimus'
345 1221 451 1277 ,mque
466 1205 555 1260 vicem
569 1204 727 1292 praebemus
742 1222 824 1262 crura
837 1203 981 1284 sagittis
1039 1243 1042 1252 ·

159 1277 269 1337 Vivitur
283 1281 338 1336 hoc
351 1292 448 1355 pacto:
469 1282 511 1338 sic
526 1282 670 1338 novimus:
692 1281 740 1336 ilia
753 1281 848 1338 subter

159 1355 277 1414 Crocum
291 1359 390 1415 vulnus
401 1357 504 1414 babes
526 1359 573 1414 sed
589 1357 645 1415 lato
660 1358 768 1414 balteus
782 1377 850 1416 auro
989 1421 991 1426 ,

159 1431 307 1510 Praetegit:
329 1447 359 1490 ut
372 1437 469 1506 mavis,
483 1436 520 1493 da
534 1436 627 1506 verba,
641 1447 669 1492 et
680 1434 805 1524 decipe
792 1418 901 1508 nervds,

160 1509 192 1566 Si
206 1522 293 1584 potes.
335 1512 506 1588 ‘Egregium
521 1531 606 1603 quum
615 1533 666 1570 me
681 1511 784 1570 vicinia
797 1514 882 1586 dicat,

159 1587 226 1645 Non
241 1591 383 1647 credaml'
425 1591 504 1663 Viso,
518 1612 541 1648 ιι
534 1590 653 1666 '‚palles
669 1591 804 1665 improbe,
818 1611 950 1660 nummo;
944 1591 980 1626 *
992 1591 1009 1627 ‘
1021 1592 1068 1628 **

160 1665 191 1723 Si
205 1667 298 1740 puteal
312 1668 402 1725 multi
415 1680 515 1725 cautus
526 1669 617 1725 vibice
631 1669 771 1743 flagellas:

159 1742 357 1820 Nequicquam
371 1747 477 1840 populo
489 1747 597 1804 bibulas
610 1747 757 1804 donaveris
772 1765 862 1804 aures.
1096 1745 1138 1803 40

159 1821 287 1900 Respue,
300 1825 375 1898 quod
386 1843 443 1882 non
458 1830 506 1881 e's:
527 1825 606 1882 tollat
620 1845 672 1882 sua
685 1843 803 1882 munera
818 1825 910 1884 cerdo.

159 1899 272 1959 Tecum
286 1901 389 1974 habita,
405 1913 434 1960 et
447 1900 533 1970 nuris,
548 1901 633 1978 quim
647 1903 684 1960 sit
696 1903 746 1988 tibi
760 1914 841 1960 curta
854 1902 987 1980 supellex.
1037 1942 1040 1948 ·

542 2213 699 2272 sunum
719 2213 756 2271 v.
843 2219 853 2257 κ
916 2293 920 2302 Ι

445 2384 493 2432 ΔΙ)
510 2381 721 2430 MAGISTRUM
739 2381 838 2432 SUUM

484 2542 620 2582 ANNAEUM
640 2541 814 2584 connubunt.

199 2679 333 2740 Vautuus
347 2679 395 2738 hic
408 2700 469 2740 mos
482 2691 534 2752 est,
549 2692 664 2739 centum
678 2681 732 2739 sibi
745 2699 861 2772 poscere
875 2699 967 2767 voces,

159 2757 282 2816 Centum
295 2779 353 2830 ora,
368 2770 397 2817 et
410 2760 521 2836 linguas
534 2770 629 2834 optare
643 2759 672 2816 in
686 2759 813 2817 carmina
825 2770 951 2832 centum,

159 2835 269 2894 Fabula
281 2856 332 2894 seu
345 2848 445 2894 moesto
458 2848 576 2912 ponatur
590 2837 694 2894 hianda
703 2837 842 2914 tragaedo,

159 2914 286 2972 Vulnera
300 2933 350 2970 seu
364 2915 462 2971 Parthi
476 2915 606 2972 ducentis
620 2915 677 2970 ab
670 2915 786 2987 mguine
801 2915 914 2970 ferrum.

197 2990 344 3052 Quorsum
355 2992 437 3048 haecl
460 3001 508 3046 aut
521 3001 640 3064 quantas
654 2991 758 3048 robusti
774 2991 907 3048 carminis
919 2991 990 3049 offas
1021 3007 1022 3012 ’

132 3083 134 3088 ’
159 3069 280 3144 lugetis,
294 3080 325 3126 ut
338 3088 388 3144 par
402 3070 439 3126 sit
451 3080 573 3127 centeno
585 3078 699 3144 gutture
713 3065 784 3125 nitil

159 3147 275 3206 Grande
289 3146 409 3205 locuturi
423 3146 541 3204 nebulas
556 3145 695 3204 Helicone
709 3143 884 3222 legunto,
910 3180 913 3186 ·

161 3226 192 3282 Si
206 3225 307 3300 quibus
320 3235 369 3282 aut
383 3225 517 3296 Procnes,
532 3235 581 3281 aut
594 3217 732 3297 siquibus
745 3224 802 3282 olla
816 3223 951 3300 Thyesta

160 3303 301 3376 Fervebit,
316 3321 390 3379 saepe
404 3301 510 3360 insulso
524 3303 667 3360 cceuanda
679 3301 809 3378 Glyconi.

160 3380 209 3439 Tu
219 3400 312 3457 neque
326 3372 473 3438 anhelanti
471 3381 621 3454 ,coquitur
635 3375 703 3436 dum
718 3400 811 3438 massa
824 3381 946 3453 camino,

126 3458 128 3460 ’
161 3457 241 3517 Folle
254 3461 359 3538 premis
372 3469 486 3528 vent0s3
508 3477 563 3516 nec
577 3458 674 3515 clauso
688 3477 832 3516 murmure
846 3477 949 3517 raucus

162 3533 268 3592 Nescio
281 3537 348 3612 quid
362 3547 458 3594 tecum
471 3555 555 3612 grave
566 3537 720 3595 cornicaris
733 3534 845 3614 inepte;

162 3609 227 3668 Nec
241 3614 349 3688 stloppo
362 3613 485 3670 tumidas
498 3614 622 3672 intendis
636 3633 765 3690 rumpere
780 3615 892 3671 buccas.
945 3614 950 3622 '

162 3687 258 3744 Verba
270 3700 343 3765 togae
357 3691 492 3764 sequeris,
503 3691 637 3766 juncturis
652 3693 772 3749 callidus
785 3691 854 3761 acri,
