2572 4200
549 233 673 284 samaa
691 234 737 284 vr.
797 294 800 300 ‚

184 375 365 434 Convemum
378 387 482 446 tamen,
496 386 525 432 et
538 386 662 451 pactum,
676 387 705 434 et
718 378 871 451 sponsalia,
882 378 977 436 nostre

144 447 328 530 Tempestate
342 473 433 529 paras,
444 453 558 530 jamque
572 473 588 510 a
603 467 714 516 tonsore
727 457 861 530 magistro

145 531 282 603 Pectoris,
296 544 326 588 et
339 533 428 607 digito
441 533 544 607 pignus
559 533 676 590 sortasse
689 533 800 598 dedisti.
895 583 897 590 .

145 608 232 667 Certe
247 629 335 667 sanus
348 610 429 668 erasl
453 610 584 681 Uxorem,
600 609 743 681 Postume,
758 613 859 670 ducisl

143 686 210 759 Dic,
224 689 281 763 qud
295 687 462 764 Tisiphone,
476 689 578 762 quibus
591 691 735 764 exagitare
750 690 891 748 colubrisl

143 763 230 823 Ferre
245 778 325 842 potes
339 767 482 826 dominam
496 767 579 824 salvis
593 777 633 824 tot
647 768 769 824 restibus.
781 769 877 842 ullam,

142 843 245 906 Quum
258 856 373 920 pateant
386 846 448 902 altae
463 844 674 920 caligantesque
690 847 829 918 fenestra,

113 935 126 948 “
142 921 244 982 Quum
258 924 309 981 tibi
323 924 448 980 vicinum
462 943 492 994 se
506 925 629 998 praebeat
643 923 776 982 AEmilius
789 926 920 1000 ponsl—

143 1001 202 1058 Sed
216 1001 309 1077 placet
324 1000 435 1060 Ursidio
449 1001 494 1058 lex
508 1001 525 1056 J
529 1002 585 1058 ulia
597 1020 604 1058 :
625 1004 722 1060 tollere
736 1003 849 1062 dulcem

142 1079 257 1155 Cogitat
271 1080 411 1137 haeredem
425 1081 563 1138 cariturus
576 1092 684 1138 turture
697 1100 810 1155 magno,

142 1156 353 1232 Mullorumque
364 1158 450 1234 jubis,
465 1169 494 1215 et
507 1169 649 1234 captatore
663 1159 790 1218 macello.

106 1263 108 1276 ·
140 1236 224 1298 Quid
237 1236 298 1295 lieri
312 1256 369 1294 non
383 1256 465 1312 posse
479 1248 570 1311 putes,
585 1236 609 1292 si
620 1236 748 1312 jungitur
762 1237 818 1294 ulla

141 1314 275 1372 Ursidiol
296 1316 320 1372 si
334 1316 508 1372 moechorum
521 1314 684 1372 notissimus
696 1316 764 1372 olim
820 1327 825 1332 “

142 1393 237 1465 Stulta
250 1393 372 1450 maritali
383 1393 442 1468 jam
455 1393 576 1468 porrigit·
585 1412 635 1450 ora
648 1395 781 1469 capistro,

140 1469 240 1531 Quem
253 1472 337 1529 toties
352 1471 420 1529 texit
433 1471 550 1546 perituri
565 1472 637 1529 cista
650 1473 746 1530 Latini
757 1475 769 1530 l

140 1548 242 1610 Quidr
263 1547 339 1625 quod
353 1561 383 1607 et
396 1550 519 1625 antiquis
533 1569 603 1608 uxor
618 1551 653 1608 de
667 1551 792 1612 moribus
805 1551 846 1610 illi

139 1626 297 1694 Quaeritur.
338 1627 367 1685 Ο
380 1628 495 1698 medici,
509 1629 632 1686 mediam
646 1630 808 1703 pertundite
821 1632 938 1690 venaml

141 1705 268 1763 Delicias
282 1706 419 1764 hominis!
461 1705 616 1781 Tarpeium
633 1708 719 1766 limen
734 1709 821 1766 adora

140 1782 264 1855 Pronus,
278 1795 307 1841 et
320 1795 448 1852 auratam
460 1784 568 1842 Junoni
582 1786 661 1844 cmde
674 1785 835 1860 juvencam,

141 1861 174 1918 si
189 1862 240 1918 tibi
253 1862 404 1938 contigerit
417 1863 518 1938 capitis
531 1872 660 1932 matrona
673 1865 777 1938 pudici.

139 1938 245 1997 Paucae
259 1938 330 1998 adeo
345 1940 457 1998 Cereris
471 1941 554 1998 vittas
568 1941 732 2016 contingere
747 1942 851 2016 dignm,

138 2015 273 2077 Quarum
287 2038 343 2076 non
357 2019 455 2092 timeat
468 2029 548 2093 pater
562 2021 668 2076 oscula.
709 2019 802 2077 Necte
816 2033 951 2078 coronam

138 2092 281 2168 Postibus,
296 2107 325 2153 et
337 2097 441 2154 densos
453 2117 503 2171 per
516 2097 616 2160 limina
629 2099 718 2155 tende
728 2098 883 2172 corymbos.

138 2173 221 2231 Unus
236 2173 357 2232 Iberinae
372 2176 412 2232 vir
427 2176 550 2233 sufficitl
590 2175 766 2234 Ocihsillud
946 2235 949 2242 ,

138 2251 337 2328 Extorquebis,
351 2263 383 2309 ut
397 2254 458 2309 hmo
471 2255 701 2322 oculocontenta
715 2256 751 2312 sit
764 2274 830 2313 uno.
896 2298 898 2304 ,

153 2329 163 2341 ‘
178 2330 290 2406 Magna
301 2342 397 2389 tamen
412 2332 487 2388 fama
501 2335 546 2389 est
558 2333 708 2406 cujusdam
724 2352 788 2391 rure
802 2346 920 2409 paterno

137 2407 275 2466 Viventis.
316 2409 400 2467 Vivat
413 2410 523 2481 Gabiis,
538 2421 569 2466 ut
583 2412 650 2469 vixit
664 2412 693 2468 in
708 2431 795 2487 agro;

137 2486 225 2544 Vivat
237 2487 371 2545 Fidenis!
412 2487 450 2544 Et
465 2489 556 2563 agello
570 2491 642 2548 cedo
656 2501 794 2564 paterno:

135 2563 214 2626 Quis
227 2577 322 2624 tamen
337 2566 465 2637 affirmat,
480 2567 519 2625 nil
535 2579 629 2625 actum
645 2570 673 2626 in
688 2569 840 2639 montibus,
856 2579 904 2632 aut
917 2570 948 2626 in

137 2641 309 2718 Speluncisl
330 2642 415 2702 Adeb
429 2657 585 2702 senuerunt
594 2645 710 2722 ¹Jupiter
724 2657 753 2702 et
767 2645 867 2703 Marsi

175 2720 371 2780 Porticibusne
385 2721 436 2779 tihi
450 2735 619 2780 monstratur
634 2723 750 2786 smmina
761 2733 824 2779 voto

135 2797 233 2874 Digna
247 2802 318 2857 tuol
339 2799 447 2858 Cuneis
462 2819 498 2857 an
514 2803 619 2859 habent
632 2800 794 2876 spectacula
807 2801 882 2872 totis,

85 2915 88 2920 -
134 2876 223 2939 Quod
237 2895 353 2938 securus
367 2897 454 2950 ames,
468 2880 597 2954 qnodque
611 2881 677 2938 inde
691 2898 842 2954 excerpere
855 2877 946 2955 possis
953 2879 1006 2936 l-

135 2955 254 3031 Accipis
268 2975 393 3028 uxorem,
408 2958 442 3014 de
456 2957 513 3031 quai
526 2959 698 3016 citharoedus
713 2958 824 3015 Echion

134 3033 195 3090 Aut
208 3034 369 3110 Glaphyrus
383 3035 430 3092 liat
443 3049 531 3110 pater,
546 3037 768 3110 Ambrosiusque
782 3036 937 3093 choraules.

133 3110 233 3188 Longa
247 3131 296 3188 per
310 3125 443 3188 angustos
457 3115 576 3189 figamus
589 3115 697 3190 pulpita
707 3115 799 3170 vicos:

132 3187 279 3248 Ornentur
293 3203 396 3265 postes,
410 3203 439 3248 et
452 3194 553 3267 grandi
564 3193 651 3268 janua
665 3193 753 3262 lauro,

132 3266 170 3325 Ut
183 3269 344 3326 testudineo
357 3269 417 3341 tibi,
432 3269 561 3341 Lentule,
576 3289 703 3344 conopeo

130 3345 244 3404 Nobilis
259 3347 412 3422 Euryalum
428 3348 624 3405 mirmillonem
638 3349 775 3423 exprimat
788 3347 890 3406 intans

170 3425 270 3501 Nupta
283 3426 406 3483 senatori
420 3427 553 3483 comitata
565 3438 609 3482 est
623 3425 729 3500 Hippia
741 3424 851 3482 ludium

130 3503 177 3560 Ad
192 3503 316 3574 Pharon,
330 3516 359 3561 et
373 3503 484 3572 Nilum,
498 3503 658 3578 sanmsaqne
673 3501 777 3558 rnoenia
790 3501 873 3576 Lagi,

129 3580 263 3657 Prodigia
277 3593 306 3638 et
322 3600 413 3638 mores
426 3580 511 3637 Urbis
525 3580 677 3637 damuante
692 3581 817 3651 Canopo.
883 3605 887 3614 ·

128 3657 283 3718 Immemor
298 3660 345 3716 illa
358 3657 469 3729 domim,
483 3668 512 3716 et
525 3659 663 3731 conjugis,
677 3670 760 3728 atque
773 3655 884 3727 sororis,

127 3736 178 3794 Nil
191 3739 290 3814 patriae
306 3737 442 3805 indulsit;
464 3736 660 3811 plorantesque
674 3733 801 3806 improba
814 3743 906 3804 natos,
