2572 4200
567 231 691 282 earnm
709 224 755 281 lt.

163 371 261 448 thue
275 370 355 430 lacus
369 372 511 444 suberant,
526 373 585 445 ubi,
599 391 760 448 quanquam
774 373 877 447 diruta,
891 383 983 434 berrat

163 451 267 530 Ignem
280 449 438 526 Trojanum
462 461 491 508 et
505 451 621 508 Vestam
633 452 700 508 colit
714 452 791 510 Alba
803 451 952 526 minorem,

162 525 282 587 Obstitit
296 529 411 590 intranti
426 529 552 589 miratrix
565 531 647 586 turba
660 547 819 606 parumper.

163 605 201 666 Ut
214 608 312 679 cessit,
326 607 401 665 facili
415 617 568 682 patuerunt
580 608 697 664 cardine
711 609 805 666 valvae.

166 685 281 742 Exclusi
295 691 424 760 spectant
437 686 559 746 admissa
571 686 689 760 opsonia
702 686 808 744 Patrae.

167 763 225 822 [tur
239 765 275 822 ad
289 763 445 820 Attidem·
470 762 548 819 Tum
562 763 676 836 Picens,
692 765 811 842 Accipe,
824 765 906 838 dixit,

163 841 282 900 Priratis
296 841 402 916 majora
415 841 501 898 locis:
516 841 643 916 'genialis
656 853 755 918 agatur

163 919 222 980 Iste
236 921 306 991 dies,
320 936 438 995 propera
450 920 627 976 stomachum
641 919 735 977 laxare
748 921 864 996 saginis,

164 997 202 1054 Et
214 1007 263 1055 tua
277 1009 416 1055 serratum
430 1015 566 1059 consume
580 995 609 1053 in
623 997 728 1054 secula
739 999 896 1056 rhombum.

79 1079 83 1084 '
164 1072 230 1150 Ipse
252 1075 315 1150 capi
336 1073 442 1132 voluit:
463 1073 531 1148 quid
554 1074 699 1148 apertiusl
718 1083 747 1130 et
766 1085 863 1132 tamen
884 1075 925 1133 illi

165 1151 327 1228 Surgebant
339 1151 440 1208 criste.
481 1148 562 1208 Nihil
575 1162 628 1222 est,
641 1153 716 1226 quod
731 1153 847 1210 credere
861 1153 898 1211 de
910 1171 942 1212 sa

163 1227 232 1288 Non
311 1229 341 1300 it,
355 1246 442 1303 quum
455 1228 585 1288 laudatur
598 1229 644 1286 dis
657 1248 736 1304 aequa
749 1241 879 1306 potestas.

164 1305 223 1364 Sed
257 1321 335 1364 aeret
347 1307 419 1382 pisci
432 1307 535 1382 patinae
549 1321 688 1364 mensura.
717 1308 877 1366 'Vocantur

164 1382 242 1460 Ergd
256 1385 286 1442 in
300 1385 449 1442 consilium
463 1403 602 1460 pronatus,
616 1387 798 1460 quosoderat
811 1385 880 1456 llle;

163 1459 200 1520 In
214 1481 332 1537 quorum
347 1460 418 1520 facie
432 1463 540 1518 misere
554 1481 720 1597 magnaeque
734 1466 850 1522 sedebat

129 1547 131 1550 '
163 1539 256 1598 Pallor
270 1541 410 1598 amicitie.
452 1539 572 1612 Primus,
586 1553 726 1600 camante
740 1543 876 1615 Liburno,

163 1618 292 1688 Currite!
312 1619 371 1694 jam
385 1619 474 1675 sedit!
496 1619 575 1694 rapui
588 1621 753 1694 properabat
767 1621 858 1678 abolla

120 1712 124 1719 ’
163 1695 299 1772 Pegasus,
311 1697 435 1768 attonita
447 1697 554 1772 positus
568 1695 652 1754 modd
668 1699 777 1756 villicus
790 1699 870 1756 Urbi.

163 1774 250 1832 Anne
264 1775 340 1832 aliud
350 1785 420 1832 tunc
433 1775 578 1850 praesentit
597 1792 716 1849 quorum
730 1777 852 1851 optimus
866 1788 948 1852 atque

163 1851 306 1928 Interpres
319 1853 414 1928 legum
428 1853 632 1922 sanctissimus,
646 1855 742 1911 omnia
755 1873 915 1929 quanquam

154 1929 353 2006 ‘Temporibus
366 1930 434 1987 diris
448 1931 594 1998 tractanda
606 1931 722 2006 puta'bat
736 1931 837 1988 inermi

161 2007 285 2066 Iustitia.
326 2007 414 2066 Venit
427 2019 456 2065 et
469 2008 562 2084 Crispi
573 2009 701 2084 jucunda
714 2020 855 2082 senectus,

162 2083 253 2162 Cujus
265 2099 346 2144 erant
358 2103 461 2158 mores,
474 2087 564 2161 qualis
577 2085 719 2160 facundia,
734 2089 801 2146 mite

163 2163 318 2240 Ingenium
331 2183 338 2221 ε
360 2165 448 2221 maria
461 2183 496 2222 ac
508 2175 596 2222 terras
610 2167 785 2242 populosque
796 2165 907 2244 regenti

160 2241 238 2303 Quis
251 2261 348 2300 comes
362 2243 463 2314 utilior,
477 2242 502 2299 si
516 2244 598 2301 clade
612 2255 640 2300 et
653 2255 731 2319 peste
745 2245 798 2301 sub
812 2245 860 2302 illa
910 2278 912 2282 -

162 2320 306 2378 Saevitiam
320 2322 456 2378 damnare
468 2331 498 2378 et
511 2322 660 2378 honesturn
675 2322 776 2380 afferre
788 2322 889 2379 liceret

161 2397 345 2457 Consiliuml
386 2399 444 2455 Sed
457 2399 525 2473 quid
540 2399 689 2456 violentius
703 2419 771 2457 aure
785 2400 907 2474 tyranni,

161 2475 306 2570 Cumque
320 2477 357 2534 de
369 2476 481 2552 pluviiS,
495 2488 544 2534 aut
558 2478 682 2548 estibus,
697 2489 747 2534 aut
760 2477 889 2536 nimboso

161 2554 240 2612 Vere'
251 2556 372 2612 locuturi
388 2555 475 2612 fatum
488 2556 631 2630 pendebat
644 2555 727 2612 amici
738 2557 750 2611 l

160 2631 213 2690 Ille
227 2633 314 2709 igitur
327 2651 472 2707 nunquam
487 2633 588 2690 direxit
603 2633 717 2688 brachia
731 2643 830 2689 contra
940 2675 944 2682 .

160 2709 341 2782 Torrentem,
356 2729 410 2767 nec
424 2712 493 2767 civis
507 2725 577 2781 erat,
591 2711 639 2785 qui
653 2711 741 2766 libera
754 2720 848 2785 posset

160 2789 255 2846 Verba
269 2789 355 2846 animi
370 2790 502 2864 proferre,
516 2800 545 2846 et
558 2789 643 2845 vitam
657 2788 820 2864 impendere
835 2805 907 2844 vero.

161 2867 210 2924 Sic
224 2869 326 2924 multas
340 2862 447 2924 hiemes
459 2880 544 2944 utque
556 2867 729 2942 octogesima
743 2867 812 2923 vidit

161 2945 294 3016 solstitia,
315 2946 360 3003 his
382 2947 467 3002 armis
489 2943 538 3004 illa
557 2963 668 3021 quoque
688 2955 766 3002 tutus
779 2944 808 3000 in
824 2943 899 3001 auli.
963 2971 983 3004 ,-

159 3022 308 3081 Proximus
321 3024 449 3099 ejusdem
461 3023 628 3099 properabat
642 3023 754 3080 Acilius
768 3023 820 3077 aevi

159 3101 235 3158 Cum
245 3103 361 3177 juvene,
375 3103 502 3177 indigno,
516 3119 600 3176 quem
614 3118 689 3183 mops
702 3111 760 3157 tam
774 3119 848 3157 saeva
861 3105 999 3164 maneret,

159 3179 197 3237 Et
211 3180 326 3238 Domini
341 3180 442 3255 gladiis
455 3190 512 3237 tam
527 3179 677 3248 festinata;
698 3179 747 3234 sed
761 3178 829 3235 olim
916 3230 919 3232 .

159 3256 293 3334 Prodigio
307 3277 357 3334 par
370 3269 414 3316 est
426 3276 492 3314 curn
506 3256 652 3314 nobilitate
667 3267 815 3323 senectus3

159 3334 242 3395 Unde
255 3337 297 3407 fn,
316 3348 347 3393 ut
360 3336 457 3392 malim
472 3334 638 3392 fraterculus
651 3351 713 3389 esse
726 3332 856 3408 gigantis.

158 3414 268 3474 Profuit
281 3412 351 3490 ergd
364 3415 435 3486 nibil
449 3414 562 3481 misero,
578 3407 655 3484 qubd
669 3411 799 3467 cominus
810 3423 889 3462 ursos

158 3493 281 3571 Figebat
294 3493 447 3561 Numidas,
462 3490 576 3560 Albana
590 3488 683 3544 nudus
697 3484 783 3544 arent

157 3572 294 3630 Venator.
334 3569 503 3635 Quisenim
513 3566 572 3640 jam
585 3583 645 3619 non
659 3562 796 3635 intelligat
810 3567 884 3614 artes
1089 3547 1147 3604 10⁰

159 3650 319 3710 Patricius?
339 3649 402 3724 quis
415 3647 540 3722 priscum
554 3641 623 3697 illud
637 3642 753 3696 miretur
767 3652 898 3704 acumen,
922 3707 932 3726 ι

157 3729 256 3804 Brute,
270 3727 374 3786 tuuml
416 3723 513 3804 Facile
527 3728 570 3778 est
583 3717 699 3774 barbato
712 3715 856 3789 imponere
869 3727 939 3786 regr.

396 3803 444 3861 2*
