2614 4186
176 208 218 270 84
492 209 525 258 D.
541 207 639 260 tumr
655 205 851 258 iuventus

176 347 256 406 Hinc
267 347 396 426 jejunum
408 348 515 408 odium.
557 350 615 408 Sed
626 348 720 424 jurgia
731 349 822 424 prima
834 363 936 406 sonere

176 424 324 502 Incipiunt
337 427 439 486 animis
453 428 633 490 ardentibus:
655 428 716 490 haec
730 426 797 482 tuba
811 426 888 482 rixae.
962 471 973 491 ,ἵ

176 499 255 562 Dein·
267 504 389 562 clamore
404 505 464 580 pari
477 506 664 574 concurritur,
675 516 704 560 et
717 504 779 560 vice
793 503 842 561 teli
910 504 914 518 “
932 530 935 542 κ

155 595 158 598 “
175 581 263 640 Seria
276 583 355 640 nuda
367 602 484 640 manus:
505 601 603 658 paucae
619 583 680 639 sine
694 581 808 638 vnlnere
822 581 920 638 mure:

175 659 234 717 vix
247 661 379 736 cuiquam
394 673 443 718 aut
456 661 527 724 nulli
540 670 599 718 tcto
612 659 766 728 certamine
781 677 867 716 nasus

176 735 301 812 Integer.
343 738 516 814 Adspiceres
527 738 585 814 jam
600 748 705 800 cuncta
718 752 768 812 per
781 737 896 812 agmina
909 735 1002 792 vultus

176 813 329 886 Dimidios,
343 816 414 875 alias
427 816 523 887 lacius,
537 827 566 873 et
579 815 686 880 hiantia
700 814 788 890 ruptis
1036 815 1040 822 '

173 891 251 949 Ossa
264 894 356 969 genis,
370 893 469 970 plenos
482 892 629 952 oculorum
643 891 782 967 sanguine
795 909 915 968 pugnos.

176 968 289 1028 Ludere
303 973 469 1048 sexcredunt
483 971 535 1045 ipsi
550 983 656 1040 tamen,
671 981 699 1026 et
712 969 835 1044 pueriles

176 1047 318 1104 Exeruere
332 1049 418 1120 acies,
432 1047 508 1124 qudd
524 1049 603 1124 nulla
616 1049 755 1105 cadavera
767 1047 889 1104 calcent.

176 1125 214 1182 Et
228 1123 296 1183 sane
311 1123 367 1202 qud
381 1138 422 1184 tot
435 1127 553 1186 rixantis
567 1126 655 1183 millia
669 1125 769 1195 turba,

177 1203 209 1259 Si
223 1205 320 1262 vivunt
332 1200 451 1262 omnesl
484 1203 562 1280 Ergd
576 1205 668 1263 acrior
683 1203 814 1278 impetus,
827 1211 857 1260 et
867 1201 926 1277 jani

177 1281 253 1337 Saxa
267 1281 409 1339 inclinatis
422 1302 472 1358 per
487 1283 604 1340 humum
618 1281 734 1356 quaesita
748 1279 861 1337 lacertis

177 1357 324 1433 Incipiunt
337 1370 476 1433 torquere,
490 1360 645 1416 domestica
659 1358 788 1414 seditioni
801 1427 808 1430 -

176 1435 262 1503 Tela;
285 1456 339 1493 nec
353 1437 430 1494 huno
443 1437 575 1512 lapidem,
585 1435 682 1511 quales
696 1446 724 1492 et
737 1435 865 1506 Turnus,
879 1445 908 1494 et
921 1432 1005 1510 Ajax,

176 1513 231 1570 Vel
245 1533 301 1588 quo
315 1513 444 1589 Tydides
458 1516 597 1590 percussit
610 1514 735 1589 pondere
749 1531 847 1569 coxam

153 1618 154 1622 ¹
177 1591 294 1659 AEneae5
316 1593 366 1648 sed
380 1610 464 1667 quem
477 1592 588 1650 valeant
600 1592 730 1648 emittere
745 1592 860 1662 dextre,
913 1635 919 1656 ,

177 1668 237 1726 Illis
250 1669 401 1727 dissimiles
414 1681 443 1728 et
457 1681 552 1728 nostro¹
565 1680 690 1752 tempore
705 1678 786 1726 natae.
814 1707 820 1712 a
883 1711 885 1715 .

177 1745 253 1804 Nam
266 1766 357 1823 genua
371 1748 425 1805 boc
438 1749 499 1804 viro
509 1748 568 1824 jam
581 1748 765 1816 decrescebat
779 1745 913 1804 Homero.
1018 1799 1020 1808 ,

176 1823 269 1882 Terra
283 1825 370 1883 malos
384 1825 512 1884 homines
526 1845 603 1884 nunc
616 1827 720 1888 educat
733 1837 815 1899 atque
829 1824 952 1899 pusillos.

176 1899 254 1978 Ergb
268 1905 347 1973 deus,
361 1904 675 1980 quicunque'adspexit,
690 1904 772 1973 ridet,
786 1915 815 1960 et
828 1902 896 1959 odit.
931 1932 933 1936 ·

216 1980 422 2040 Adeverticulo
434 1993 576 2058 repetatur
591 1982 694 2040 sabula.
735 1981 887 2056 Postquam

177 2058 318 2116 Subsidiis
331 2061 417 2130 arreti,
431 2080 495 2135 pars
509 2061 596 2120 altera
610 2079 738 2135 promere
752 2060 857 2116 ferrum

177 2137 283 2208 Audet,
292 2149 327 2195 et
342 2138 450 2196 infestis
463 2157 588 2213 pugnam
603 2140 759 2194 instaurare
774 2136 898 2214 sagittis;

176 2213 274 2290 Terga
288 2215 361 2290 iuge
375 2216 462 2272 celeri
475 2216 673 2290 prestantibus
688 2216 821 2272 omnibus
835 2215 948 2285 instant,

175 2290 237 2350 Qui
253 2293 345 2350 vicina
356 2293 454 2350 colunt
470 2294 607 2352 umbrosae
622 2292 750 2370 Tentyra
762 2293 871 2368 palme.

177 2367 294 2426 Labitur
309 2372 375 2427 binc
388 2371 513 2444 quidam,
524 2371 617 2430 =nimiit
631 2370 781 2427 formidine
796 2387 910 2427 cursum

176 2445 368 2522 Praecipitans,
383 2449 566 2523 capiturque:
588 2459 630 2508 ast
644 2448 722 2504 illurn
738 2449 766 2504 in
781 2448 901 2523 plurima
914 2458 1023 2504 sectum

176 2522 278 2582 Frusta
288 2540 315 2582 et
329 2526 490 2601 particulas,
505 2537 537 2585 ut
550 2527 646 2582 multis
660 2536 786 2582 mortuus
801 2543 876 2582 unus

176 2601 335 2675 Sufficeret,
350 2617 439 2662 totum
454 2606 574 2663 corrosis
588 2604 698 2674 ossibus
711 2605 770 2661 edit

174 2679 285 2738 Victrix
300 2683 397 2739 turba:
419 2703 475 2740 nec
488 2684 601 2742 ardenti
618 2683 730 2740 decoxit
741 2686 825 2752 aeno,

175 2757 235 2815 Ant
250 2761 386 2828 rerubus3
407 2761 522 2837 longum
537 2780 626 2837 usque
640 2759 712 2820 aded
726 2761 891 2832 tardumque
904 2754 1012 2834 putavit

175 2834 347 2912 Exspectare
362 2840 448 2910 socos,
462 2852 595 2897 contenta
610 2840 745 2897 cadavere
759 2838 863 2898 crudo,

98 2916 100 2920 ‘
175 2912 244 2984 llic,
258 2917 384 2990 gaudere
398 2917 475 2984 libet,
489 2914 566 2990 qudd
580 2936 637 2974 non
652 2916 796 2972 violaverit
808 2915 914 2988 ignem,

173 2989 271 3050 Quem
285 2996 397 3052 summi
410 2995 474 3050 coeli
491 3006 600 3069 raptum
614 2995 649 3050 de
662 3006 741 3068 parte
755 2991 939 3048 Prometheus

174 3066 298 3126 Donavit
311 3073 400 3128 terris.
443 3071 592 3128 Elemento
605 3071 739 3146 gratulor,
755 3079 784 3127 et
797 3079 825 3125 te

174 3142 325 3206 Exsultare
340 3167 409 3206 reor.
452 3150 509 3206 Sed
523 3152 571 3224 qui
586 3149 713 3206 mordere
728 3147 847 3204 cadaver

175 3226 327 3298 Sustinuit,
341 3228 380 3284 nil
396 3246 520 3302 unquam
536 3229 591 3284 bric
604 3238 690 3288 carne
704 3221 840 3283 libentius
854 3223 923 3282 edit.

175 3305 253 3364 Nam
267 3305 374 3362 scelere
387 3308 417 3362 in
432 3319 510 3362 tanto
525 3325 561 3362 ne
575 3323 693 3378 queres,
707 3315 736 3362 et
749 3303 872 3372 dubites,
886 3321 923 3360 an

175 3384 272 3441 Prima
285 3384 455 3460 voluptatem
470 3384 536 3458 gula
551 3383 678 3439 senserit
708 3381 843 3438 *Ultimus
857 3392 962 3453 autem,

174 3462 235 3522 Qui
250 3463 327 3518 stetit
340 3462 489 3536 absumpto
499 3466 557 3537 jam
572 3473 631 3518 toto
644 3479 771 3535 corpore,
784 3459 879 3516 ductis

175 3538 230 3595 Per
244 3549 347 3596 terram
358 3540 467 3615 digitis,
481 3539 585 3614 aliquid
600 3539 635 3596 de
650 3537 789 3614 sanguine
802 3547 904 3612 gustat.
994 3539 997 3544 ‘

175 3616 332 3688 Vascones,
346 3619 408 3674 baec
423 3618 497 3674 sama
506 3631 559 3688 est,
574 3617 714 3674 alimentis
728 3615 831 3674 talibus
843 3615 911 3671 olim

175 3691 338 3752 Produxdre
350 3695 476 3754 animas:
498 3697 548 3755 sed
562 3715 606 3754 res
620 3695 740 3765 diversa,
755 3694 805 3752 sed
818 3691 878 3750 illic
