2572 4200
140 245 163 316 p
454 244 487 292 n.
503 242 600 292 sunu
617 239 812 291 ruvnuims

140 382 210 448 Quo
223 385 358 444 tondente
372 385 463 460 gravis
473 385 654 460 juveni'mihi
668 383 754 440 barba
764 380 901 450 sonabat;
1057 403 1060 406 ·
1086 379 1130 438 25

139 463 242 523 Quum
257 483 321 539 pars
335 462 455 520 Niliacae
470 463 568 538 plebis,
582 480 668 536 quum
683 479 769 518 verna
782 455 894 534 Canopi

140 539 299 616 Crispinus,
314 539 417 614 Tyrias
431 543 548 599 humero
561 550 710 597 revocante
724 539 862 608 lacernas,

140 619 267 677 Ventilet
282 619 408 677 astitum
423 619 518 693 digitis
529 615 699 676 sudantibus
712 635 822 687 aurum,

139 696 206 758 Neo
219 697 336 753 sufferre
350 708 435 774 queat
450 696 562 771 majoris
575 697 702 770 pondera
715 711 849 770 gemmae:

90 774 94 784 '
142 774 264 831 Difficile
278 785 321 831 est
336 776 456 831 Satiram
472 793 528 830 non
543 774 675 830 scribere.
717 771 793 828 Nam
807 771 870 846 quis
883 769 987 844 iniquae
1068 769 1128 826 *3⁰

139 852 216 922 Tam
230 853 339 928 patiens
354 853 440 922 urbis,
455 863 512 908 tam
528 852 643 922 ferreus,
658 861 689 908 ut
702 861 797 908 teneat
810 868 851 920 se,

139 929 287 988 Causidici
302 949 374 986 nova
387 948 473 1004 quum
488 929 582 986 veniat
595 929 697 985 lectica
711 927 857 984 Mathonis

139 1009 229 1078 Plena
243 1005 326 1084 ipsol
347 1020 410 1083 post
425 1008 502 1063 hunc
517 1007 613 1082 magni
628 1006 735 1063 delator
749 1005 844 1076 amici,

139 1085 178 1144 Et
190 1085 248 1150 ,citd
263 1098 393 1161 rapturus
407 1087 442 1142 de
458 1085 604 1144 nobilitate
618 1084 742 1155 comesi,

137 1161 228 1226 Quod
242 1175 377 1239 superest,
392 1183 474 1238 quem
490 1163 586 1220 Massa
600 1164 689 1232 timet,
703 1180 787 1236 quem
801 1179 919 1217 munere
933 1158 1027 1235 palpat
1085 1159 1126 1216 :35

140 1239 243 1311 Carus,
257 1253 285 1297 et
300 1261 316 1296 a
330 1243 439 1315 trepido
453 1240 593 1314 Thymele
607 1241 746 1296 submissa
760 1240 863 1296 Latino
871 1241 923 1294 l-
999 1239 1002 1246 “

178 1318 260 1380 Quid
274 1319 404 1388 referam,
419 1320 524 1391 quanti
540 1319 647 1374 siccum
659 1317 740 1392 jecur
754 1318 851 1373 ardeat
866 1317 918 1386 ira,

138 1393 238 1458 Quum
252 1397 385 1471 populrim
400 1395 533 1470 gregibus
547 1395 680 1452 comitum
696 1395 796 1469 premit
811 1395 858 1451 hic
871 1393 1003 1470 spoliator

138 1473 242 1548 Popilli
256 1473 425 1549 prostantis?
445 1485 474 1529 et
488 1473 535 1529 hic
550 1473 698 1528 damnatus
712 1473 791 1529 inani

91 1597 94 1605 ,
138 1551 254 1608 iudicio
269 1550 350 1626 (quid
363 1552 440 1608 enim
456 1551 538 1606 salvis
552 1551 667 1606 infamia
681 1551 805 1607 nummis
815 1551 841 1629 l)

139 1629 227 1685 Exsul
242 1631 278 1686 ab
291 1629 389 1686 octavi
405 1628 513 1685 Marius
527 1629 606 1699 bibit,
621 1640 649 1684 et
664 1629 763 1684 fruitur
777 1628 822 1684 dis

138 1706 238 1776 lratis;
261 1718 289 1766 at
302 1720 343 1778 tu,
358 1707 456 1764 victrix
469 1707 623 1782 provincia,
638 1706 750 1780 ploras?

178 1785 251 1842 Haec
265 1803 319 1860 ego
334 1805 389 1842 non
405 1787 519 1841 credam
535 1785 683 1840 Venusini
697 1785 783 1859 digna
797 1783 934 1840 lucernil
981 1787 982 1792 ’

139 1861 212 1938 Haeo
226 1882 279 1939 ego
293 1883 350 1920 non
365 1863 489 1948 agitem?
511 1864 567 1918 Sed
582 1863 648 1936 quid
665 1859 755 1937 magis
769 1862 933 1931 Heracleas,

138 1942 202 2018 Aut
214 1941 394 2012 Diomedeae,
409 1951 457 1998 aut
472 1942 609 2016 mugitum
625 1937 801 2016 Labyrinthi,

138 2018 176 2075 Et
189 2039 267 2075 mare
281 2039 445 2094 percussum
460 2039 556 2094 puero,
572 2020 737 2094 fabrumque
751 2018 911 2075 volantem?

136 2094 238 2159 Quum
250 2098 314 2170 leno
328 2098 448 2172 accipiat
462 2099 566 2154 moechi
581 2099 664 2166 bona,
679 2098 703 2153 si
717 2095 849 2171 capiendi

137 2173 192 2232 Jus
205 2176 313 2231 nullum
328 2176 417 2244 uxori,
432 2177 533 2232 doctus
547 2185 674 2250 spectare
688 2176 814 2245 lacunar,

137 2251 247 2311 Doctus
260 2266 288 2310 et
302 2255 338 2310 ad
352 2253 469 2310 calicem
485 2254 610 2328 vigilanti
625 2265 740 2310 stertere
754 2269 839 2320 nas03

135 2329 237 2394 Quum
248 2331 290 2387 sas
304 2351 366 2388 esse
380 2341 459 2406 putet
473 2351 569 2387 curam
584 2351 696 2406 sperare
710 2331 832 2387 cohortis
849 2393 851 2398 ,

135 2407 198 2470 Qui
213 2409 286 2469 bona
297 2410 410 2466 donavit
422 2410 605 2484 praesepibus,
620 2421 649 2466 et
662 2421 740 2466 caret
753 2408 831 2465 omni

137 2486 279 2562 Majorum
294 2506 393 2557 censu,
407 2489 474 2544 dum
489 2489 613 2561 pervolat
627 2507 679 2544 axe
693 2488 779 2544 citato

136 2563 305 2622 Flaminiam
319 2585 325 2633 ;
348 2565 430 2640 (puer
442 2565 622 2621 Automedon
635 2583 699 2622 nam
715 2565 774 2620 lora
787 2562 911 2632 tenebat,

136 2642 202 2720 lpse
216 2643 365 2700 lacernatae
379 2647 465 2716 quum
480 2653 510 2699 se'
522 2643 641 2718 jactaret
655 2643 768 2718 amicae)

136 2721 242 2778 Nonne
256 2721 324 2777 libet
338 2722 432 2779 medio
445 2739 525 2777 ceras
539 2722 654 2796 implere
668 2737 788 2796 capaces

134 2795 313 2860 Quadriviol
334 2816 420 2874 quum
432 2801 489 2874 jam
505 2801 710 2856 sexticerviee
725 2800 827 2855 seratur

137 2877 216 2934 Hinc
230 2889 314 2952 atque
330 2878 397 2934 inde
411 2889 519 2954 patens,
535 2896 568 2932 ac
584 2877 662 2931 nudi
676 2875 758 2950 paend
774 2873 919 2945 cathedris,

136 2955 175 3012 Et
188 2953 307 3013 multum
323 2957 448 3013 referens
462 2957 498 3010 de
513 2953 672 3031 Maecenate
686 2955 787 3028 supino

136 3032 279 3108 signator,
295 3035 365 3090 salso
385 3035 432 3108 qul
447 3053 478 3090 se
491 3033 609 3102 lautum,
624 3043 707 3106 atque
722 3033 835 3087 beatum

136 3109 256 3186 Exiguis
270 3112 381 3182 tabulis,
395 3123 424 3168 et
437 3112 551 3187 gemma
566 3111 670 3167 lecerat
684 3111 762 3167 udat

135 3185 271 3248 Occurrit
285 3201 412 3248 matrona
425 3201 621 3264 potensque,
636 3189 721 3246 molle
735 3188 876 3245 Calenum

137 3265 315 3338 Porrectura,
330 3268 388 3324 viro
402 3269 502 3325 miscet
516 3269 628 3325 sitiente
642 3269 780 3336 rubetam,

136 3345 318 3420 Instituitque
333 3340 418 3402 rudes
431 3347 529 3403 melior
544 3347 666 3403 Loousta
679 3347 849 3422 propinquas

137 3420 194 3482 Par
207 3424 309 3480 sarnam
325 3436 354 3481 et
366 3425 499 3499 populum
514 3427 609 3499 nigros
623 3425 724 3481 efferre
737 3424 859 3481 maritos

177 3501 263 3558 Aude
278 3503 383 3576 aliquid
399 3503 531 3560 brevibus
545 3505 646 3578 Gyaris
660 3515 689 3560 et
703 3521 818 3560 carcere
834 3503 963 3576 dignum,

136 3578 226 3636 Siris
240 3599 302 3636 esse
316 3581 433 3654 aliquis:
453 3583 576 3655 probitas
590 3582 719 3638 laudatur
734 3593 763 3638 et
777 3582 859 3655 alget.
916 3578 923 3600 ’

137 3653 315 3716 Criminibus
328 3660 432 3716 debent
447 3661 550 3729 hortos,
564 3661 703 3736 praetoria,
718 3677 840 3728 mensas,

139 3735 299 3812 Argentum
313 3747 402 3808 vetus,
417 3750 445 3794 et
459 3749 578 3796 stantem
593 3748 672 3794 extra
685 3737 787 3813 pocula
800 3753 926 3812 caprum.
