2572 4200
147 227 188 286 ὥ
459 227 490 278 D.
508 229 604 278 JUlill
621 229 815 286 JUVENALIS

188 365 339 442 Eloquium
355 389 389 426 ac
401 370 504 438 lxmam
519 371 719 430 Demosthenis
733 384 781 431 aut
795 371 943 452 Ciceronis

147 441 253 521 Incipit
264 458 370 522 optare,
385 459 415 507 et
427 450 492 506 tntis
504 447 733 524 Quinquatribus
746 463 833 526 optat,
1075 452 1130 510 llb'

147 521 287 598 Quisquis
300 526 394 582 adhuc
409 545 466 584 uno
480 539 586 602 partam
601 530 669 586 colit
679 548 742 586 asse
757 527 926 602 Minervam,

146 600 244 660 Quem
258 603 384 678 sequitur
397 615 633 681 custos-augustia
647 608 764 664 vernula
777 625 878 683 capsis.

149 677 268 754 Eloquio
281 683 330 738 sed
343 693 459 756 uterque
472 682 546 758 perit
554 695 665 748 orator:
686 696 836 760 utrumque

146 753 256 832 Largus
269 770 299 815 et
311 762 459 817 exundans
471 761 529 818 leto
542 759 741 838 dedit‘irrgenii
755 763 826 820 lons.

147 831 267 910 Ingenio
281 855 382 894 manus
395 850 437 896 est
451 849 479 895 et
492 840 587 899 cervix
600 859 689 910 cesa3
710 859 904 917 necunquam
980 853 982 856 '

147 913 296 991 Sanguine
310 916 447 973 causidici
462 917 631 974 maduerunt
644 929 733 976 rostra
746 919 848 994 pusilli.

146 989 174 1046 Ο
188 991 357 1050 fortunatam
372 1006 466 1052 natam
481 1013 527 1052 me
541 995 656 1054 consule
670 997 795 1054 Romam
851 1033 853 1040 ,

146 1069 256 1128 Antoni
270 1071 380 1146 gladios
393 1074 485 1148 potuit
499 1085 691 1145 contemnere,
706 1075 786 1132 sisic

145 1145 253 1206 Omnia
267 1150 389 1207 dixisset.
431 1150 566 1218 Rideuda
579 1155 710 1228 poemata
721 1152 808 1224 malo,

146 1223 246 1284 Quam
260 1238 289 1284 te
302 1229 474 1304 conspicua,
488 1229 583 1286 divina
593 1229 766 1306 Philippica,
780 1231 873 1302 same,

147 1301 276 1361 Volveris
290 1325 306 1361 a
320 1306 411 1381 primii
424 1325 487 1381 quse
500 1303 635 1382 proxima:
678 1310 776 1364 Savus
790 1320 819 1366 et
833 1308 932 1368 illum,
1000 1369 1003 1374 ,

146 1379 247 1436 Exitus
260 1383 371 1458 eripuit,
385 1403 469 1457 quem
483 1385 656 1442 mirabantur
671 1385 793 1442 Athene

146 1457 330 1532 Torrentem,
343 1472 371 1517 et
384 1460 460 1536 pleni
476 1462 668 1520 moderantem
683 1464 768 1520 sraena
782 1464 894 1522 theatri.

146 1533 201 1592 Dis
214 1536 261 1593 ille
275 1539 399 1596 adversis
412 1535 537 1614 genitus,
551 1540 662 1615 satoque
677 1541 800 1613 sinistre,

145 1611 243 1672 Quem
257 1627 336 1690 pater
350 1617 474 1674 ardentis
487 1637 587 1674 massae
602 1619 721 1698 iuligine
732 1619 825 1694 lippus

146 1690 174 1747 A
188 1692 322 1766 carbone,
336 1706 364 1751 et
379 1695 539 1770 forcipibus,
553 1696 715 1772 gladiosque
729 1707 847 1773 parante

146 1767 266 1843 lucude,
279 1783 308 1828 et
321 1773 397 1830 luteo
410 1773 541 1834 Vulcano
555 1775 589 1830 ad
602 1776 715 1832 rhetora
728 1775 812 1834 misit,

185 1847 327 1907 Bellorum
342 1852 460 1923 exuvie,
474 1853 583 1910 truncis
597 1851 805 1930 affixatropreis
877 1891 879 1900 x
896 1905 903 1922 ,

145 1923 257 2000 lorica,
270 1940 300 1986 et
314 1928 403 1986 fracta
416 1931 452 1988 de
467 1932 578 1989 casside
592 1932 713 1990 buccula
726 1933 865 2008 pendens,

145 2001 188 2065 Et
201 2019 312 2064 curtum
327 2020 439 2066 temone
451 2009 562 2084 jugum,
575 2009 711 2084 victaeque
725 2010 847 2068 triremis
958 2063 961 2068 .

145 2085 290 2162 Aplustre,
305 2097 334 2143 et
347 2105 458 2144 summo
471 2088 557 2145 tristis
571 2088 697 2164 captivus
709 2089 737 2145 in
754 2108 833 2160 arcu,

144 2163 287 2222 Humanis
300 2164 405 2238 majora
419 2165 500 2222 bonis
513 2167 685 2222 creduntur:
706 2167 741 2223 ad
757 2168 818 2224 hec
831 2186 863 2224 se
965 2195 970 2214 ι

94 2248 108 2271 ‘
144 2243 305 2312 Romanus,
320 2241 488 2316 Graiusque,
503 2261 537 2299 ac
552 2243 686 2300 barbarus
704 2246 891 2320 endoperator

144 2320 260 2388 Erexit3
282 2337 384 2388 causas
396 2320 568 2377 discriminis
583 2335 664 2395 atque
682 2323 786 2380 laboris
956 2371 961 2376 .

144 2395 217 2456 Indd
233 2397 338 2454 habuit.
380 2397 476 2455 Tanto
489 2398 577 2473 major
592 2399 672 2456 fame
686 2396 746 2457 sitis
760 2411 812 2472 est,
825 2398 910 2475 qudm

143 2474 271 2534 Virtutis.
311 2472 389 2535 Quis
402 2476 479 2534 enim
495 2476 627 2534 virtutem
641 2478 818 2553 amplectitur
832 2479 933 2554 ipsam,
972 2529 976 2536 .
1077 2499 1085 2512 ·

143 2554 264 2611 Praemia
278 2553 300 2610 si
315 2553 418 2610 tollasl
452 2553 574 2612 Patriam
589 2565 683 2614 tamen
697 2557 791 2614 obruit
803 2557 871 2615 olim

143 2632 240 2690 Gloria
253 2650 420 2707 paucorum,
433 2643 462 2690 et
475 2633 567 2690 laudis
580 2635 711 2709 titulique
724 2635 830 2710 cupido

144 2711 258 2768 Haesuri
272 2710 346 2767 saxis
359 2711 488 2770 cinerum
502 2712 681 2782 custodibus;
702 2714 737 2770 ad
751 2732 814 2788 quie

143 2789 331 2846 Discutienda
345 2791 438 2847 valent
452 2791 553 2848 sterilis
563 2792 641 2861 mala
655 2793 755 2849 robora
769 2791 861 2850 horis:

143 2867 383 2940 Quandoquidem
397 2869 462 2924 data
476 2879 542 2924 sunt
556 2868 623 2942 ipsis
636 2888 746 2943 quoque
761 2870 816 2927 sata
830 2869 974 2945 sepulcris.

144 2944 281 3019 Expende
297 2944 508 3000 Hannibalem:
529 2957 595 3019 quot
610 2947 694 3002 libras
709 2948 737 3002 in
752 2948 825 3004 duce
839 2965 950 3006 summo

144 3020 297 3078 Invenies?
319 3021 365 3077 hic
378 3031 431 3093 est,
446 3041 530 3096 quem
545 3043 602 3080 non
616 3024 691 3100 capit
705 3023 804 3081 Asrica
818 3023 921 3082 Mauro

91 3110 93 3114 '
145 3099 286 3158 Percussa
300 3097 429 3171 Oceano,
444 3099 567 3175 Niloque
582 3103 695 3161 admota
706 3102 822 3177 tepenti,

145 3177 257 3236 Rursus
272 3178 308 3236 ad
323 3177 488 3253 AEthiopum
503 3180 628 3254 populos,
644 3179 769 3254 altosque
783 3181 957 3258 elephantos.
1056 3245 1060 3255 ,

146 3257 272 3313 Additur
286 3255 410 3332 imperiis
425 3255 584 3332 Hispania:
604 3258 772 3333 Pyrenaeum
889 3315 890 3319 ,

146 3334 307 3393 Tranrsilit.
348 3333 489 3412 Opposuit
502 3348 603 3393 natura
618 3337 776 3412 Alpemque
790 3338 958 3415 uitamque:

144 3413 263 3470 Diducit
276 3413 416 3488 scopulos,
430 3425 458 3472 et
472 3426 595 3472 montem
611 3416 715 3490 rumpit
728 3427 817 3474 aceto.

143 3490 209 3548 Jam
224 3502 303 3548 tenet
317 3490 443 3549 ltaliam:
465 3504 559 3550 tamen
584 3491 657 3550 ultra
672 3513 788 3570 pergere
802 3496 902 3554 tendit.

143 3570 262 3640 Actum,
276 3569 375 3644 inquit,
389 3571 458 3628 nihil
475 3583 526 3642 est,
541 3572 596 3630 nisi
611 3571 700 3630 Poeno
713 3573 802 3630 milite
816 3585 911 3650 portas

144 3647 323 3733 Frsngimus,
338 3659 367 3705 et
379 3650 474 3706 media
487 3651 618 3708 vexillum
632 3670 707 3726 peno
722 3652 844 3711 Suburl.

144 3725 172 3782 Ο
185 3725 275 3799 qualis
290 3725 386 3800 facies,
400 3738 429 3784 et
441 3728 517 3803 quali
529 3729 616 3806 digna
628 3730 744 3802 tabelli,
