2614 4186
112 232 119 244 ’
164 277 220 338 102
464 272 467 278 '
499 281 529 328 a.
548 261 661 328 rnns'n
678 233 801 328 rinccr

161 415 447 494 Fregeritarticulos,
460 421 562 477 veteris
575 419 692 478 ramalia
705 420 760 496 fagi
773 439 799 478 :·.

161 495 249 552 Tunc
262 514 372 553 crassos
386 496 522 572 transisse
535 499 605 570 dies,
616 498 765 572 lucemque
779 497 944 572 palustrem,
1100 497 1143 556 60

161 571 200 630 Et
212 572 266 630 sibi
277 573 336 650 jam
347 571 403 632 seri
417 575 502 632 vitam
516 573 682 650 ingemuere
696 575 831 632 relictam.

201 651 241 707 At
254 662 282 708 te
293 652 438 710 nocturnis
448 651 528 728 juvat
540 653 733 727 impallescere
749 652 863 710 chartis.
912 701 916 708 .

161 725 260 786 Cultor
273 730 350 786 enim
362 728 499 805 juvenum
513 739 646 805 purgatas
658 729 758 787 inseris
772 749 854 788 aures
954 777 960 788 .

161 803 256 881 Fruge
269 806 435 874 Cleanthea.
476 807 566 864 Petite
577 807 655 878 hinc,
666 807 840 884 juvenesque
854 817 1001 884 senesque,

80 895 83 905 “
161 881 262 940 Finem
277 885 371 941 animo
384 895 502 956 certum,
516 885 680 961 miserisque
694 885 799 960 viatica
808 883 896 942 canis.

161 960 251 1016 ‘Cras
264 961 319 1018 boc
332 960 398 1018 fret!
440 959 596 1040 Idemlcras
610 961 665 1020 fiet.
708 961 828 1024 ‘Quidl
848 962 927 1037 quasi
941 980 1088 1038 magnum,

142 1047 145 1053 '
160 1037 273 1115 Nempe
286 1040 367 1112 diem¹
378 1039 466 1096 donas
476 1041 497 1096 l'
540 1039 597 1098 Sed
611 1040 761 1114 quumlnx
774 1041 861 1098 altera
876 1041 961 1113 venit,

160 1114 225 1172 lam
240 1135 304 1173 cras
319 1117 481 1176 hesternum
496 1117 739 1192 consumpsimus:
760 1137 829 1175 ecce
843 1117 920 1174 aliud
934 1136 997 1176 cras

161 1191 259 1268 Egerit
272 1195 323 1252 hos
337 1213 435 1266 annae,
450 1206 478 1252 et
492 1214 602 1272 semper
618 1194 733 1272 paulum
747 1187 897 1254 erit'ultrl.'
1057 1189 1072 1262 J

160 1270 237 1328 Nam
250 1274 376 1346 quamvis
389 1292 475 1348 prope
490 1284 526 1343 te,
541 1274 667 1348 quamvis
680 1285 794 1330 temone
808 1273 862 1329 s'ub
875 1292 933 1332 uno
1003 1305 1008 1314 .
1099 1273 1140 1330 70

160 1348 326 1406 Vertentem
341 1369 412 1420 sese,
427 1350 528 1407 srustrd
542 1351 687 1407 sectabere
701 1349 847 1421 canthum,
1032 1357 1038 1361 ’

159 1425 260 1487 Quum
274 1437 335 1483 rota
347 1426 482 1501 posterior
496 1446 602 1498 curras,
616 1437 644 1484 et
658 1428 688 1484 in
702 1447 754 1486 axe
768 1429 903 1487 secundo.

150 1518 155 1522 ·
200 1502 343 1561 Libertate
356 1523 426 1580 opus
439 1514 491 1576 cst,
502 1525 558 1562 non
573 1505 639 1575 haic,
652 1525 736 1582 quam
750 1520 781 1564 ut
797 1506 914 1584 quisque
928 1505 1032 1564 velint

161 1581 279 1638 Publius
293 1583 422 1654 emeruit,
437 1583 596 1641 scabiosum
611 1585 749 1641 tesserula
765 1585 805 1642 far

161 1658 297 1716 Possidet.
339 1659 406 1718 Heu
420 1661 527 1719 steriles
542 1661 609 1733 veri,
622 1662 725 1738 quibus
739 1681 796 1719 una
808 1661 952 1724 Quiritem

161 1736 278 1813 Vertigo
291 1737 375 1795 facit!
399 1738 457 1796 Hic
470 1738 562 1796 Dama
575 1750 619 1796 est
633 1759 690 1797 non
704 1741 800 1798 tressis
814 1759 910 1816 agaso,
980 1790 987 1804 .

161 1815 261 1892 Vappa
274 1826 303 1872 et
315 1815 417 1892 lippus,
431 1829 459 1874 et
472 1817 502 1874 in
517 1817 593 1874 tenui
610 1817 750 1894 sartagine
765 1820 904 1876 mendax:

161 1893 285 1951 Verterit
298 1894 375 1950 bunc
389 1894 529 1968 dominus,
544 1893 686 1954 momento
700 1895 820 1954 turbinis
833 1897 912 1953 erit*
1092 1953 1094 1961 ,

162 1970 277 2029 Marcus
291 1970 391 2030 Dama.
434 1972 534 2050 Papae!
560 1970 660 2030 Marco
674 1976 839 2049 spondente,
854 1991 969 2030 recusas
1114 2019 1116 2028 r

161 2049 285 2106 Credere
299 2059 330 2106 tu
344 2052 492 2107 nummos‘l
513 2048 613 2108 Marco
627 2052 681 2108 sub
698 2052 790 2109 'udic'e
804 2050 911 2128 pallesl
1064 2049 1066 2053 ’

161 2125 277 2185 Marcus
291 2128 379 2184 dixit:
401 2129 439 2186 ita
452 2139 503 2186 est.
544 2129 678 2202 Assigna,
693 2072 803 2200 lrlarce,
817 2127 942 2186 tabellas·

162 2204 235 2261 Haec
250 2223 328 2262 mera
341 2205 472 2264 libertas:
495 2207 548 2262 hoc
563 2207 644 2264 nobis
660 2206 734 2281 pilea
748 2208 863 2264 donant.

160 2282 227 2338 ‘An
237 2283 385 2356 quisquam
398 2293 441 2340 est
454 2283 525 2340 alius
540 2283 619 2355 liber,
634 2284 688 2340 nisi
700 2286 805 2341 ducere
821 2285 905 2342 vitam
918 2345 920 2350 ,

160 2359 217 2416 Cui
227 2361 304 2430 licet,
320 2371 351 2416 ut
365 2360 473 2418 voluitl
494 2361 571 2431 licet,
586 2371 617 2416 ut
632 2361 703 2431 volo,
715 2363 826 2418 vivere:
848 2380 905 2420 non
919 2360 973 2418 sim

160 2437 289 2498 Liberior
302 2437 391 2496 Bruto
400 2439 420 2495 l'
443 2435 583 2496 Mendosd
598 2438 720 2514 colligis,
733 2439 826 2514 inquit

161 2516 276 2572 Stoicus
289 2515 352 2586 hic,
361 2533 458 2580 aurem
470 2516 597 2574 mordaci
610 2516 684 2574 lotus
697 2529 786 2575 aceto.
809 2535 812 2542 ’

162 2593 226 2650 Hoc
240 2593 378 2669 reliquum
395 2594 520 2670 accipio:
542 2595 608 2652 licet
621 2590 734 2656 illudet
748 2604 779 2652 ut
793 2595 855 2652 uolo
867 2594 941 2653 tolle.

160 2671 315 2730 ‘Vindicta
328 2684 475 2748 postquam
489 2691 569 2752 meus
582 2692 600 2730 a
612 2686 730 2750 praetore
744 2674 859 2746 recessi,

160 2749 220 2806 Cur
235 2751 303 2808 milri
316 2769 375 2808 uon
390 2751 483 2822 liceat,
494 2751 578 2827 jussit
590 2753 777 2827 quodcunque
792 2753 930 2822 voluntas,

160 2825 299 2904 I‘lrcepto,
313 2829 336 2885 si
350 2830 418 2903 quid
433 2827 543 2886 Masuri
556 2831 670 2886 rubrica
681 2831 808 2888 vetavitl'

201 2905 303 2964 Disce!
319 2908 375 2964 'sed
390 2907 431 2964 ira
444 2907 527 2963 cadat
541 2927 610 2964 naso
624 2925 780 2982 rugosaque
795 2924 894 2981 sanna,
974 2943 977 2946 -

160 2982 239 3040 Dum
251 2994 357 3040 veteres
371 2983 447 3040 avias
460 2983 511 3041 tibi
525 2984 561 3041 de
575 2984 708 3060 pulmone
722 2984 832 3043 revello.

161 3059 229 3118 Non
243 3059 368 3136 praetoris
381 3072 442 3118 erat
456 3059 548 3130 stultis
562 3063 628 3118 dere
642 3062 739 3118 tenuia
749 3080 844 3120 rerum

161 3138 274 3209 Officia,
288 3143 373 3214 atque
384 3156 467 3194 usum
481 3139 586 3215 rapidae
600 3139 760 3214 permittere
774 3140 846 3198 vita.

162 3217 335 3275 Sambncam
349 3213 433 3273 citiirs
448 3215 539 3274 caloni
551 3216 688 3291 aptaveris
702 3215 766 3274 alto.

162 3296 224 3353 Stat
237 3293 336 3353 contra
351 3294 430 3365 ratio,
445 3305 473 3352 et
487 3305 625 3352 secretam
640 3295 742 3370 gannit
752 3295 780 3352 in
795 3313 904 3367 aurem,

161 3372 208 3431 Ne
222 3373 307 3432 liceat
320 3373 412 3430 facere
423 3373 462 3445 id,
475 3373 549 3450 quod
561 3373 623 3448 quis
637 3373 744 3430 vitiabit
758 3374 876 3450 agendo.

162 3451 281 3509 Publica
294 3452 340 3509 lex
353 3451 499 3508 bominum
512 3462 667 3526 naturaque
681 3453 809 3515 continet
823 3451 878 3510 hoc
892 3451 935 3510 las

162 3527 201 3586 Ut
214 3539 311 3587 teneat
324 3529 423 3586 vetitos
438 3528 551 3588 inscitia
563 3526 665 3586 debilis
676 3540 765 3588 actus.

162 3603 257 3664 Diluis
271 3607 454 3678 helleborum,
469 3611 549 3664 certo
560 3625 740 3683 compescere
754 3619 861 3684 puncto
1084 3605 1142 3666 1⁰0

163 3683 287 3740 Nescius
299 3685 438 3741 examenl
459 3697 533 3742 vetat
547 3687 601 3744 hoc
615 3698 716 3744 natura
729 3685 871 3743 medendi.

163 3759 274 3818 Navem
287 3761 311 3817 si
324 3772 422 3835 poscat
435 3761 488 3817 sibi
502 3775 655 3837 peronatus
669 3775 760 3820 arator
