2572 4200
139 221 180 280 st
258 182 262 190 ⁸
452 221 483 270 u.
500 221 596 272 sunu
614 199 808 271 Juvenum

140 361 301 420 Fictilibus.
342 361 430 422 Tunc
444 364 493 422 illa
506 365 583 436 time,
598 383 685 439 quum
698 364 800 452 pocula
811 379 906 421 sumes

138 439 301 514 Gemmata,
315 453 344 500 ct
358 443 413 500 lato
428 444 558 499 Setinum
573 442 683 499 ardebit
697 459 727 498 ur
741 441 818 501 ituro.
915 505 919 508 ,

141 517 246 594 Jamne
260 520 345 596 igitur
360 521 470 591 laudas,
484 521 558 594 quod
573 521 608 580 de
623 519 798 596 sapientibus
812 514 882 578 alter

141 593 278 668 Ridebat,
292 599 402 673 quoties
416 599 452 654 de
467 599 565 656 limine
580 609 704 657 moverat
717 617 806 654 uuum

142 674 354 750 Protuleratquc
367 677 488 752 pedem3
510 675 594 734 flebat
608 676 766 733 contrarius
781 677 898 733 auctori

142 753 200 810 sed
216 753 306 810 facilis
320 755 409 811 cuivis
422 754 507 831 rigidi
521 772 643 812 censura
656 754 806 811 cachinni:

141 829 305 889 Mirandum
319 843 371 904 est,
385 832 462 889 unde
476 832 522 890 illc
536 833 626 890 oculis
640 833 783 896 suffecerit
796 832 905 890 humor.

141 906 281 984 Perpetuo
294 911 351 966 risu
365 910 528 986 pulmonem
542 911 648 985 agitare
663 911 770 968 solebat

122 985 124 993 '
141 985 332 1059 Democritus,
347 1007 506 1063 quanquam
522 1005 579 1046 uon
593 1001 689 1046 esseut
702 989 818 1046 urbibus
832 986 887 1046 illis

141 1064 290 1136 Praetexta,
305 1068 460 1138 attrabata,
477 1069 576 1140 fasces,
590 1067 703 1139 lectica,
717 1067 847 1125 tribuual.

140 1141 233 1214 Quid,
247 1145 270 1201 si
286 1143 400 1202 vidisset
414 1145 566 1204 P'raetorem
580 1146 709 1203 curribus
725 1144 788 1202 altis

101 1295 105 1300 .
141 1218 319 1292 Exstantem‚
334 1233 362 1280 et
376 1223 470 1282 medio
483 1225 633 1282 sublimem
648 1223 676 1281 iu
691 1225 805 1298 pulvere
819 1221 897 1281 Circi

142 1297 178 1355 In
192 1301 290 1357 tunicis
304 1299 392 1370 Jovis,
407 1311 436 1357 et
448 1303 531 1376 pictae
547 1303 669 1361 Sarrana
683 1301 820 1360 ferentem

142 1376 186 1434 Ex
201 1377 331 1435 humeris·
340 1379 431 1435 aulaea
445 1391 526 1454 togae,
540 1397 707 1454 magnaeque
720 1398 833 1436 coronat
961 1443 964 1451 „

142 1453 269 1512 Tantum
280 1457 387 1523 orbem,
401 1455 506 1530 quantd
523 1457 618 1515 cervix
628 1476 684 1514 non
700 1457 802 1514 sufficit
817 1457 895 1514 ullal

128 1532 258 1608 'Quippe
272 1546 350 1591 tenet
364 1535 470 1592 sudans
484 1536 558 1592 hunc
572 1535 712 1611 publicus,
726 1545 765 1605 et,
779 1535 832 1592 sibi
846 1533 956 1592 Consul
970 1531 972 1535 ’

142 1608 189 1668 Ne
203 1612 323 1688 placeat,
337 1631 421 1669 curru
437 1632 533 1670 servus
546 1624 672 1689 portatur
686 1615 796 1671 eodem.
885 1644 888 1648 ·

90 1729 94 1737 -
142 1688 188 1746 Da
201 1710 279 1760 nunc
293 1703 321 1748 et
335 1691 488 1772 volucrem,
502 1703 688 1768 sceptroque
703 1691 792 1766 surgit
806 1692 924 1764 eburno,

142 1767 226 1828 Illinc
240 1769 410 1840 cornicines,
426 1771 493 1827 hinc
504 1771 694 1846 precedentis
707 1769 784 1845 longi

142 1847 276 1923 Agminis
289 1848 392 1920 officia,
407 1859 436 1906 et
451 1849 548 1906 niveos
562 1849 597 1906 ad
613 1849 700 1908 fraena
711 1847 852 1920 Quirites,

141 1925 263 1984 Defessa
277 1927 306 1984 iu
320 1927 421 1985 loculis
434 1947 504 2003 quos
518 1929 641 2004 sportula
655 1930 722 1986 secit
736 1927 852 1984 amicos.
926 1999 930 2004 Ι

141 2004 229 2062 Tunc
242 2025 353 2080 quoque
367 2007 513 2063 materiam
527 2007 600 2064 risirs
615 2007 721 2066 invenit
736 2005 772 2062 ad
785 2023 885 2062 omnes

141 2081 288 2140 Occursus
302 2085 459 2155 homiuum,
474 2085 555 2160 cujus
568 2086 718 2160 prudentia
731 2095 877 2156 monstrat,

141 2159 277 2219 Summos
290 2181 372 2237 posse
385 2164 467 2233 viros,
479 2175 507 2219 et
521 2183 625 2238 magna
638 2163 766 2240 exempla
780 2162 904 2234 daturos,

141 2239 300 2297 Vervecum
316 2241 345 2298 in
359 2242 449 2316 patriai
463 2260 613 2318 crassoque
627 2242 680 2298 sub
694 2246 760 2298 adra
775 2241 863 2298 nasci.

87 2324 90 2330 ’
141 2317 269 2378 Ridebat
283 2337 375 2390 curas,
389 2339 443 2375 nec
458 2331 514 2377 uo'n
529 2330 557 2375 et
570 2321 677 2394 gaudia
688 2319 774 2395 uulgi,
824 2322 826 2334 '

141 2395 289 2454 Interdum
303 2409 332 2454 et
345 2397 494 2471 lacrymas,
511 2417 598 2472 quum
614 2397 747 2456 Fortunae
762 2395 822 2474 ipse
838 2397 944 2454 minaci

141 2473 294 2532 Mandaret
307 2476 437 2548 laqueum
453 2477 635 2551 mediumque
648 2479 812 2534 ostenderet
822 2495 957 2552 unguem.

141 2549 219 2629 Ergd
234 2572 417 2630 supervacua,
429 2564 477 2612 aut
490 2554 650 2630 perniciosa
659 2566 804 2632 petuntur,

141 2631 258 2709 Propter
269 2651 331 2707 quae
345 2631 386 2695 sas
400 2645 442 2692 est
452 2651 546 2710 genua
560 2634 687 2692 incerare
702 2635 826 2692 deorum.

101 2724 107 2741 '
180 2709 330 2772 Quosdam
345 2713 502 2788 praecipitat
515 2713 641 2789 subjecta
654 2714 781 2789 potentia
794 2729 906 2788 magnae

142 2788 261 2846 Invidiae
273 2810 280 2856 ;
301 2791 404 2865 mergit
417 2791 501 2866 lunga
513 2803 595 2865 atque
611 2790 731 2868 insignis
746 2792 884 2848 honorum

141 2867 267 2942 Pagina;
288 2869 467 2925 descendunt
480 2879 589 2938 statuae‚
606 2880 764 2943 restemque
779 2879 943 2944 sequuntur.

141 2943 222 3022 Ipsae
233 2946 337 3003 deinde
350 2956 425 3002 rotas
438 2946 568 3020 bigarum
583 2948 710 3022 impacta·
719 2947 827 3003 securis

141 3022 245 3095 Caedit,
259 3035 287 3081 et
301 3023 448 3082 immeritis
462 3025 630 3100 franguntur
644 3043 726 3081 crura
741 3024 865 3080 caballis.

142 3101 208 3158 lam
223 3103 345 3160 stridunt
358 3101 449 3178 ignes,
460 3103 519 3178 jam
534 3103 645 3160 follibus
658 3114 742 3177 atque
756 3102 878 3160 caminis

142 3181 234 3238 Ardet
248 3183 394 3238 adoratum
407 3183 511 3257 populo
525 3193 620 3257 caput,
634 3193 663 3239 et
673 3193 770 3258 crepat
783 3181 885 3258 ingens

143 3258 278 3334 Sejanus:
299 3260 403 3326 deinde
416 3280 450 3317 cx
466 3261 538 3318 lucie
552 3271 609 3320 tuto
620 3261 686 3319 orbe
701 3262 828 3318 secundat

141 3339 230 3398 Fiunt
245 3338 361 3410 urceoli,
375 3339 480 3416 pelves,
495 3340 749 3416 sartagqpatellae.

142 3419 221 3478 Pone
235 3417 311 3477 domi
325 3418 427 3492 lauros,
441 3419 498 3475 duc
513 3419 542 3476 in
557 3418 697 3496 Capitolia
710 3438 847 3495 magnum
874 3427 877 3433 '

142 3497 346 3571 cretatumque
360 3498 476 3556 bovem:
498 3497 620 3573 Sejanus
633 3497 746 3556 ducitur
760 3517 836 3556 unco

143 3576 340 3654 spectandus:
361 3577 488 3650 gaudent
500 3595 608 3634 omncs.
647 3577 724 3639 Quae
739 3577 835 3635 labral
856 3577 918 3652 quis
932 3575 972 3635 illi

142 3651 247 3713 Vultus
261 3655 340 3711 eratl
361 3672 517 3730 nunquam,
532 3655 556 3712 si
570 3656 637 3730 quid
651 3656 722 3714 mihi
736 3657 839 3728 credis,
855 3655 946 3716 amavi

143 3729 232 3791 Hunc
247 3733 398 3790 bominem.
440 3733 498 3791 Sed
508 3753 565 3809 quo
578 3733 683 3796 cecidit
696 3735 749 3792 sub
763 3733 904 3797 criminel
925 3733 1054 3810 quisnam
