<?xml version="1.0" encoding="UTF-8"?>
<!DOCTYPE html PUBLIC "-//W3C//DTD XHTML 1.0 Transitional//EN"
    "http://www.w3.org/TR/xhtml1/DTD/xhtml1-transitional.dtd">
<html xmlns="http://www.w3.org/1999/xhtml" xml:lang="en" lang="en">
 <head>
  <title>
</title>
<meta http-equiv="Content-Type" content="text/html;charset=utf-8" />
  <meta name='ocr-system' content='tesseract 3.04.00' />
  <meta name='ocr-capabilities' content='ocr_page ocr_carea ocr_par ocr_line ocrx_word'/>
</head>
<body>
  <div class='ocr_page' id='page_1' title='image "./decimijuniijuve01levegoog_0052.png"; bbox 0 0 2572 4200; ppageno 0'>
   <div class='ocr_carea' id='block_1_1' title="bbox 137 237 809 302">
    <p class='ocr_par' dir='ltr' id='par_1_1' title="bbox 137 237 809 302">
     <span class='ocr_line' id='line_1_1' title="bbox 137 237 809 302; baseline -0.012 -9"><span class='ocrx_word' id='word_1_1' title='bbox 137 245 178 302; x_wconf 77' lang='grc'><strong>46</strong></span> <span class='ocrx_word' id='word_1_2' title='bbox 449 241 481 290; x_wconf 91' lang='lat' dir='ltr'><strong>D.</strong></span> <span class='ocrx_word' id='word_1_3' title='bbox 497 239 596 288; x_wconf 76' lang='lat' dir='ltr'>J&#39;UNll</span> <span class='ocrx_word' id='word_1_4' title='bbox 613 237 809 288; x_wconf 78' lang='lat' dir='ltr'><strong>JUVENALIS</strong></span> 
     </span>
    </p>
   </div>
   <div class='ocr_carea' id='block_1_2' title="bbox 138 379 942 770">
    <p class='ocr_par' dir='ltr' id='par_1_2' title="bbox 138 379 856 459">
     <span class='ocr_line' id='line_1_2' title="bbox 138 379 856 459; baseline -0.003 -19"><span class='ocrx_word' id='word_1_5' title='bbox 138 381 310 459; x_wconf 80' lang='lat' dir='ltr'>Unguibus</span> <span class='ocrx_word' id='word_1_6' title='bbox 303 401 344 439; x_wconf 73' lang='grc' dir='ltr'><strong>ιιι</strong></span> <span class='ocrx_word' id='word_1_7' title='bbox 357 389 437 458; x_wconf 84' lang='lat' dir='ltr'><strong>parat</strong></span> <span class='ocrx_word' id='word_1_8' title='bbox 449 401 580 439; x_wconf 87' lang='lat' dir='ltr'><strong>nummos</strong></span> <span class='ocrx_word' id='word_1_9' title='bbox 595 393 721 456; x_wconf 88' lang='lat' dir='ltr'><strong>raptura</strong></span> <span class='ocrx_word' id='word_1_10' title='bbox 721 379 856 438; x_wconf 81' lang='lat' dir='ltr'><strong>Celaeno:</strong></span> 
     </span>
    </p>

    <p class='ocr_par' dir='ltr' id='par_1_3' title="bbox 139 457 942 770">
     <span class='ocr_line' id='line_1_3' title="bbox 139 457 898 538; baseline -0.005 -20"><span class='ocrx_word' id='word_1_11' title='bbox 139 461 227 518; x_wconf 74' lang='lat' dir='ltr'><strong>Tunc</strong></span> <span class='ocrx_word' id='word_1_12' title='bbox 241 461 308 518; x_wconf 88' lang='lat' dir='ltr'><strong>licet</strong></span> <span class='ocrx_word' id='word_1_13' title='bbox 321 480 338 517; x_wconf 85' lang='lat' dir='ltr'><strong>a</strong></span> <span class='ocrx_word' id='word_1_14' title='bbox 351 459 421 520; x_wconf 89' lang='lat' dir='ltr'><strong>Pico</strong></span> <span class='ocrx_word' id='word_1_15' title='bbox 431 479 564 518; x_wconf 88' lang='lat' dir='ltr'><strong>numeres</strong></span> <span class='ocrx_word' id='word_1_16' title='bbox 578 476 685 538; x_wconf 84' lang='lat' dir='ltr'><strong>genus3</strong></span> <span class='ocrx_word' id='word_1_17' title='bbox 707 457 854 532; x_wconf 88' lang='lat' dir='ltr'><strong>altaque</strong></span> <span class='ocrx_word' id='word_1_18' title='bbox 832 477 856 515; x_wconf 89' lang='lat' dir='ltr'><strong>sr</strong></span> <span class='ocrx_word' id='word_1_19' title='bbox 869 466 898 514; x_wconf 87' lang='lat' dir='ltr'><strong>te</strong></span> 
     </span>
     <span class='ocr_line' id='line_1_4' title="bbox 139 531 848 612; baseline -0.007 -16"><span class='ocrx_word' id='word_1_20' title='bbox 139 538 266 597; x_wconf 82' lang='lat' dir='ltr'><strong>Nomina</strong></span> <span class='ocrx_word' id='word_1_21' title='bbox 279 539 431 610; x_wconf 87' lang='lat' dir='ltr'><strong>delectant,</strong></span> <span class='ocrx_word' id='word_1_22' title='bbox 443 531 556 596; x_wconf 81' lang='lat' dir='ltr'><strong>omnem</strong></span> <span class='ocrx_word' id='word_1_23' title='bbox 571 531 708 594; x_wconf 81' lang='lat' dir='ltr'>Titanida</span> <span class='ocrx_word' id='word_1_24' title='bbox 723 554 848 612; x_wconf 81' lang='lat' dir='ltr'><strong>pugnam</strong></span> 
     </span>
     <span class='ocr_line' id='line_1_5' title="bbox 139 614 942 704; baseline -0.007 -30"><span class='ocrx_word' id='word_1_25' title='bbox 139 615 219 674; x_wconf 86' lang='lat' dir='ltr'><strong>Inter</strong></span> <span class='ocrx_word' id='word_1_26' title='bbox 231 617 351 692; x_wconf 88' lang='lat' dir='ltr'><strong>majores</strong></span> <span class='ocrx_word' id='word_1_27' title='bbox 365 617 513 692; x_wconf 85' lang='lat' dir='ltr'><strong>ipsumque</strong></span> <span class='ocrx_word' id='word_1_28' title='bbox 526 614 695 672; x_wconf 87' lang='lat' dir='ltr'><strong>Promethea</strong></span> <span class='ocrx_word' id='word_1_29' title='bbox 706 632 814 704; x_wconf 81' lang='lat' dir='ltr'><strong>ponas</strong></span> <span class='ocrx_word' id='word_1_30' title='bbox 939 622 942 628; x_wconf 79' lang='grc'><em>“</em></span> 
     </span>
     <span class='ocr_line' id='line_1_6' title="bbox 139 692 919 770; baseline -0.003 -18"><span class='ocrx_word' id='word_1_31' title='bbox 139 694 184 752; x_wconf 86' lang='lat' dir='ltr'><strong>De</strong></span> <span class='ocrx_word' id='word_1_32' title='bbox 197 705 366 770; x_wconf 83' lang='lat' dir='ltr'><strong>quocunque</strong></span> <span class='ocrx_word' id='word_1_33' title='bbox 381 693 456 752; x_wconf 85' lang='lat' dir='ltr'><strong>voles</strong></span> <span class='ocrx_word' id='word_1_34' title='bbox 470 695 604 769; x_wconf 86' lang='lat' dir='ltr'><strong>proavum</strong></span> <span class='ocrx_word' id='word_1_35' title='bbox 615 693 667 750; x_wconf 90' lang='lat' dir='ltr'><strong>tibi</strong></span> <span class='ocrx_word' id='word_1_36' title='bbox 682 693 785 750; x_wconf 86' lang='lat' dir='ltr'><strong>sumito</strong></span> <span class='ocrx_word' id='word_1_37' title='bbox 797 692 878 750; x_wconf 91' lang='lat' dir='ltr'><strong>libro</strong></span> <span class='ocrx_word' id='word_1_38' title='bbox 915 735 919 741; x_wconf 86' lang='lat'><em>-</em></span> 
     </span>
    </p>
   </div>
   <div class='ocr_carea' id='block_1_3' title="bbox 30 770 985 3815">
    <p class='ocr_par' dir='ltr' id='par_1_4' title="bbox 78 770 966 1862">
     <span class='ocr_line' id='line_1_7' title="bbox 93 770 879 863; baseline -0.008 -30"><span class='ocrx_word' id='word_1_39' title='bbox 93 777 99 797; x_wconf 87' lang='lat'>&#39;</span> <span class='ocrx_word' id='word_1_40' title='bbox 138 771 264 833; x_wconf 73' lang='lat' dir='ltr'><strong>Quod</strong></span> <span class='ocrx_word' id='word_1_41' title='bbox 242 793 266 830; x_wconf 87' lang='lat' dir='ltr'><strong>sr</strong></span> <span class='ocrx_word' id='word_1_42' title='bbox 279 773 454 863; x_wconf 71' lang='lat' dir='ltr'><strong>praecipitem</strong></span> <span class='ocrx_word' id='word_1_43' title='bbox 468 772 541 846; x_wconf 82' lang='lat' dir='ltr'>rapit</span> <span class='ocrx_word' id='word_1_44' title='bbox 554 770 670 838; x_wconf 78' lang='lat' dir='ltr'><strong>ambitio</strong></span> <span class='ocrx_word' id='word_1_45' title='bbox 683 783 767 860; x_wconf 77' lang='lat' dir='ltr'><strong>atque</strong></span> <span class='ocrx_word' id='word_1_46' title='bbox 780 770 879 843; x_wconf 87' lang='lat' dir='ltr'><strong>libido,</strong></span> 
     </span>
     <span class='ocr_line' id='line_1_8' title="bbox 78 848 933 928; baseline -0.001 -21"><span class='ocrx_word' id='word_1_47' title='bbox 78 885 84 892; x_wconf 94' lang='lat'><em>-</em></span> <span class='ocrx_word' id='word_1_48' title='bbox 140 851 171 908; x_wconf 87' lang='lat' dir='ltr'><strong>Si</strong></span> <span class='ocrx_word' id='word_1_49' title='bbox 186 851 331 928; x_wconf 80' lang='lat' dir='ltr'><strong>frangis</strong></span> <span class='ocrx_word' id='word_1_50' title='bbox 307 871 398 927; x_wconf 81' lang='lat' dir='ltr'><strong>virgas</strong></span> <span class='ocrx_word' id='word_1_51' title='bbox 411 851 551 908; x_wconf 90' lang='lat' dir='ltr'><strong>sociorum</strong></span> <span class='ocrx_word' id='word_1_52' title='bbox 566 849 759 926; x_wconf 81' lang='lat' dir='ltr'><strong>insanguine,</strong></span> <span class='ocrx_word' id='word_1_53' title='bbox 774 848 839 906; x_wconf 87' lang='lat' dir='ltr'><strong>site</strong></span> <span class='ocrx_word' id='word_1_54' title='bbox 931 865 933 868; x_wconf 82' lang='lat'>·</span> 
     </span>
     <span class='ocr_line' id='line_1_9' title="bbox 138 927 762 996; baseline -0.003 -11"><span class='ocrx_word' id='word_1_55' title='bbox 138 927 291 987; x_wconf 80' lang='lat' dir='ltr'>Delectant</span> <span class='ocrx_word' id='word_1_56' title='bbox 304 929 420 986; x_wconf 80' lang='lat' dir='ltr'>hebetes</span> <span class='ocrx_word' id='word_1_57' title='bbox 433 929 507 986; x_wconf 90' lang='lat' dir='ltr'><strong>lasso</strong></span> <span class='ocrx_word' id='word_1_58' title='bbox 520 927 618 988; x_wconf 88' lang='lat' dir='ltr'><strong>lictore</strong></span> <span class='ocrx_word' id='word_1_59' title='bbox 632 946 762 996; x_wconf 86' lang='lat' dir='ltr'><strong>secures;</strong></span> 
     </span>
     <span class='ocr_line' id='line_1_10' title="bbox 139 997 787 1083; baseline 0 -21"><span class='ocrx_word' id='word_1_60' title='bbox 139 1006 265 1082; x_wconf 86' lang='lat' dir='ltr'><strong>Incipit</strong></span> <span class='ocrx_word' id='word_1_61' title='bbox 258 1026 382 1083; x_wconf 83' lang='lat' dir='ltr'><strong>ipsorum</strong></span> <span class='ocrx_word' id='word_1_62' title='bbox 396 1017 496 1066; x_wconf 83' lang='lat' dir='ltr'><strong>contra</strong></span> <span class='ocrx_word' id='word_1_63' title='bbox 509 1017 537 1064; x_wconf 86' lang='lat' dir='ltr'><strong>te</strong></span> <span class='ocrx_word' id='word_1_64' title='bbox 550 1017 624 1063; x_wconf 89' lang='lat' dir='ltr'><strong>stare</strong></span> <span class='ocrx_word' id='word_1_65' title='bbox 639 997 787 1081; x_wconf 85' lang='lat' dir='ltr'><strong>parentum</strong></span> 
     </span>
     <span class='ocr_line' id='line_1_11' title="bbox 139 1082 880 1176; baseline 0 -34"><span class='ocrx_word' id='word_1_66' title='bbox 139 1084 281 1142; x_wconf 76' lang='lat' dir='ltr'><strong>Nobilitas</strong></span> <span class='ocrx_word' id='word_1_67' title='bbox 283 1086 467 1176; x_wconf 80' lang='lat' dir='ltr'><strong>‚claramque</strong></span> <span class='ocrx_word' id='word_1_68' title='bbox 481 1085 573 1142; x_wconf 86' lang='lat' dir='ltr'><strong>facem</strong></span> <span class='ocrx_word' id='word_1_69' title='bbox 587 1084 718 1174; x_wconf 77' lang='lat' dir='ltr'><strong>praeferre</strong></span> <span class='ocrx_word' id='word_1_70' title='bbox 731 1082 880 1160; x_wconf 81' lang='lat' dir='ltr'><strong>pudendis.</strong></span> 
     </span>
     <span class='ocr_line' id='line_1_12' title="bbox 139 1161 823 1252; baseline 0.001 -33"><span class='ocrx_word' id='word_1_71' title='bbox 139 1161 234 1222; x_wconf 87' lang='lat' dir='ltr'><strong>Omne</strong></span> <span class='ocrx_word' id='word_1_72' title='bbox 248 1164 335 1222; x_wconf 90' lang='lat' dir='ltr'><strong>animi</strong></span> <span class='ocrx_word' id='word_1_73' title='bbox 349 1164 448 1222; x_wconf 84' lang='lat' dir='ltr'><strong>vitium</strong></span> <span class='ocrx_word' id='word_1_74' title='bbox 462 1173 541 1221; x_wconf 87' lang='lat' dir='ltr'><strong>tanto</strong></span> <span class='ocrx_word' id='word_1_75' title='bbox 548 1161 734 1252; x_wconf 78' lang='lat' dir='ltr'><strong>conspectius</strong></span> <span class='ocrx_word' id='word_1_76' title='bbox 749 1163 778 1219; x_wconf 94' lang='lat' dir='ltr'><strong>in</strong></span> <span class='ocrx_word' id='word_1_77' title='bbox 789 1181 823 1220; x_wconf 82' lang='lat' dir='ltr'><strong>se</strong></span> 
     </span>
     <span class='ocr_line' id='line_1_13' title="bbox 140 1239 926 1330; baseline -0.004 -31"><span class='ocrx_word' id='word_1_78' title='bbox 140 1241 258 1299; x_wconf 84' lang='lat' dir='ltr'><strong>Crimen</strong></span> <span class='ocrx_word' id='word_1_79' title='bbox 272 1243 366 1314; x_wconf 87' lang='lat' dir='ltr'><strong>babet,</strong></span> <span class='ocrx_word' id='word_1_80' title='bbox 381 1253 485 1316; x_wconf 88' lang='lat' dir='ltr'><strong>quanto</strong></span> <span class='ocrx_word' id='word_1_81' title='bbox 499 1241 597 1330; x_wconf 83' lang='lat' dir='ltr'><strong>major,</strong></span> <span class='ocrx_word' id='word_1_82' title='bbox 602 1241 662 1316; x_wconf 91' lang='lat' dir='ltr'><strong>qui</strong></span> <span class='ocrx_word' id='word_1_83' title='bbox 672 1250 782 1316; x_wconf 83' lang='lat' dir='ltr'><strong>peccat,</strong></span> <span class='ocrx_word' id='word_1_84' title='bbox 797 1239 926 1298; x_wconf 78' lang='lat' dir='ltr'><strong>habetur,</strong></span> 
     </span>
     <span class='ocr_line' id='line_1_14' title="bbox 138 1317 907 1394; baseline -0.007 -14"><span class='ocrx_word' id='word_1_85' title='bbox 138 1317 209 1380; x_wconf 76' lang='lat' dir='ltr'><strong>Quo</strong></span> <span class='ocrx_word' id='word_1_86' title='bbox 223 1320 294 1376; x_wconf 90' lang='lat' dir='ltr'><strong>mihi</strong></span> <span class='ocrx_word' id='word_1_87' title='bbox 308 1331 341 1377; x_wconf 90' lang='lat' dir='ltr'><strong>te</strong></span> <span class='ocrx_word' id='word_1_88' title='bbox 350 1321 470 1377; x_wconf 90' lang='lat' dir='ltr'><strong>solitum</strong></span> <span class='ocrx_word' id='word_1_89' title='bbox 478 1319 597 1376; x_wconf 82' lang='lat' dir='ltr'><strong>falsas</strong></span> <span class='ocrx_word' id='word_1_90' title='bbox 575 1337 687 1394; x_wconf 81' lang='lat' dir='ltr'><strong>signare</strong></span> <span class='ocrx_word' id='word_1_91' title='bbox 701 1318 819 1376; x_wconf 89' lang='lat' dir='ltr'><strong>tabellas</strong></span> <span class='ocrx_word' id='word_1_92' title='bbox 904 1324 907 1332; x_wconf 84' lang='lat'><em>&#39;</em></span> 
     </span>
     <span class='ocr_line' id='line_1_15' title="bbox 139 1395 890 1472; baseline 0.003 -20"><span class='ocrx_word' id='word_1_93' title='bbox 139 1395 176 1453; x_wconf 89' lang='lat' dir='ltr'><strong>In</strong></span> <span class='ocrx_word' id='word_1_94' title='bbox 190 1397 311 1471; x_wconf 86' lang='lat' dir='ltr'><strong>templis,</strong></span> <span class='ocrx_word' id='word_1_95' title='bbox 324 1415 387 1471; x_wconf 88' lang='lat' dir='ltr'><strong>quae</strong></span> <span class='ocrx_word' id='word_1_96' title='bbox 402 1398 469 1455; x_wconf 91' lang='lat' dir='ltr'><strong>secit</strong></span> <span class='ocrx_word' id='word_1_97' title='bbox 482 1415 551 1453; x_wconf 87' lang='lat' dir='ltr'><strong>avus</strong></span> <span class='ocrx_word' id='word_1_98' title='bbox 554 1406 750 1470; x_wconf 87' lang='lat' dir='ltr'><strong>,statuamque</strong></span> <span class='ocrx_word' id='word_1_99' title='bbox 763 1396 890 1472; x_wconf 87' lang='lat' dir='ltr'><strong>parentis</strong></span> 
     </span>
     <span class='ocr_line' id='line_1_16' title="bbox 140 1471 868 1550; baseline 0 -18"><span class='ocrx_word' id='word_1_100' title='bbox 140 1476 219 1532; x_wconf 85' lang='lat' dir='ltr'><strong>Ante</strong></span> <span class='ocrx_word' id='word_1_101' title='bbox 233 1475 453 1550; x_wconf 87' lang='lat' dir='ltr'><strong>triumphaleml</strong></span> <span class='ocrx_word' id='word_1_102' title='bbox 473 1471 540 1549; x_wconf 75' lang='lat' dir='ltr'><strong>quo,</strong></span> <span class='ocrx_word' id='word_1_103' title='bbox 555 1475 578 1530; x_wconf 89' lang='lat' dir='ltr'><strong>si</strong></span> <span class='ocrx_word' id='word_1_104' title='bbox 589 1484 746 1531; x_wconf 88' lang='lat' dir='ltr'><strong>nocturnus</strong></span> <span class='ocrx_word' id='word_1_105' title='bbox 759 1474 868 1532; x_wconf 82' lang='lat' dir='ltr'>adulter</span> 
     </span>
     <span class='ocr_line' id='line_1_17' title="bbox 101 1551 886 1628; baseline -0.001 -19"><span class='ocrx_word' id='word_1_106' title='bbox 101 1621 104 1626; x_wconf 23' lang='grc' dir='ltr'>Ι</span> <span class='ocrx_word' id='word_1_107' title='bbox 139 1552 284 1628; x_wconf 87' lang='lat' dir='ltr'><strong>Tempora</strong></span> <span class='ocrx_word' id='word_1_108' title='bbox 298 1553 454 1611; x_wconf 88' lang='lat' dir='ltr'><strong>Santonico</strong></span> <span class='ocrx_word' id='word_1_109' title='bbox 464 1553 539 1610; x_wconf 88' lang='lat' dir='ltr'><strong>velas</strong></span> <span class='ocrx_word' id='word_1_110' title='bbox 550 1553 683 1628; x_wconf 84' lang='lat' dir='ltr'><strong>adoperta</strong></span> <span class='ocrx_word' id='word_1_111' title='bbox 697 1551 886 1620; x_wconf 87' lang='lat' dir='ltr'><strong>cucullol</strong></span> 
     </span>
     <span class='ocr_line' id='line_1_18' title="bbox 139 1617 815 1706; baseline -0.003 -18"><span class='ocrx_word' id='word_1_112' title='bbox 139 1631 245 1689; x_wconf 74' lang='lat' dir='ltr'><strong>Praeter</strong></span> <span class='ocrx_word' id='word_1_113' title='bbox 258 1631 396 1706; x_wconf 88' lang='lat' dir='ltr'><strong>majorum</strong></span> <span class='ocrx_word' id='word_1_114' title='bbox 410 1631 522 1688; x_wconf 88' lang='lat' dir='ltr'><strong>cineres</strong></span> <span class='ocrx_word' id='word_1_115' title='bbox 535 1641 618 1705; x_wconf 87' lang='lat' dir='ltr'><strong>atque</strong></span> <span class='ocrx_word' id='word_1_116' title='bbox 631 1649 695 1689; x_wconf 86' lang='lat' dir='ltr'><strong>ossa</strong></span> <span class='ocrx_word' id='word_1_117' title='bbox 709 1617 815 1687; x_wconf 87' lang='lat' dir='ltr'><strong>volucri</strong></span> 
     </span>
     <span class='ocr_line' id='line_1_19' title="bbox 139 1707 966 1785; baseline 0 -19"><span class='ocrx_word' id='word_1_118' title='bbox 139 1708 284 1784; x_wconf 85' lang='lat' dir='ltr'><strong>Carpento</strong></span> <span class='ocrx_word' id='word_1_119' title='bbox 296 1710 402 1785; x_wconf 78' lang='lat' dir='ltr'><strong>rapitur</strong></span> <span class='ocrx_word' id='word_1_120' title='bbox 414 1709 528 1785; x_wconf 81' lang='lat' dir='ltr'><strong>pinguis</strong></span> <span class='ocrx_word' id='word_1_121' title='bbox 542 1707 740 1784; x_wconf 77' lang='lat' dir='ltr'><strong>Damasippus,</strong></span> <span class='ocrx_word' id='word_1_122' title='bbox 754 1719 783 1765; x_wconf 88' lang='lat' dir='ltr'><strong>et</strong></span> <span class='ocrx_word' id='word_1_123' title='bbox 795 1709 866 1784; x_wconf 81' lang='lat' dir='ltr'><strong>ips&#39;e,</strong></span> <span class='ocrx_word' id='word_1_124' title='bbox 963 1736 966 1742; x_wconf 68' lang='lat'><em>=</em></span> 
     </span>
     <span class='ocr_line' id='line_1_20' title="bbox 219 1786 889 1862; baseline 0 -18"><span class='ocrx_word' id='word_1_125' title='bbox 219 1797 307 1846; x_wconf 89' lang='lat' dir='ltr'><strong>rotam</strong></span> <span class='ocrx_word' id='word_1_126' title='bbox 323 1787 472 1862; x_wconf 84' lang='lat' dir='ltr'><strong>adstringit</strong></span> <span class='ocrx_word' id='word_1_127' title='bbox 485 1787 574 1844; x_wconf 86' lang='lat' dir='ltr'><strong>multo</strong></span> <span class='ocrx_word' id='word_1_128' title='bbox 588 1786 746 1844; x_wconf 90' lang='lat' dir='ltr'><strong>sufflamine</strong></span> <span class='ocrx_word' id='word_1_129' title='bbox 760 1786 889 1845; x_wconf 87' lang='lat' dir='ltr'><strong>Consul:</strong></span> 
     </span>
    </p>

    <p class='ocr_par' dir='ltr' id='par_1_5' title="bbox 30 1786 930 2564">
     <span class='ocr_line' id='line_1_21' title="bbox 30 1786 930 1941; baseline 0.002 -18"><span class='ocrx_word' id='word_1_130' title='bbox 30 1935 32 1939; x_wconf 23' lang='grc' dir='ltr'>Ι</span> <span class='ocrx_word' id='word_1_131' title='bbox 138 1786 233 1924; x_wconf 45' lang='lat' dir='ltr'><strong>lltlcete</strong></span> <span class='ocrx_word' id='word_1_132' title='bbox 246 1866 379 1941; x_wconf 81' lang='lat' dir='ltr'><strong>quidem3</strong></span> <span class='ocrx_word' id='word_1_133' title='bbox 400 1866 449 1924; x_wconf 86' lang='lat' dir='ltr'><strong>sed</strong></span> <span class='ocrx_word' id='word_1_134' title='bbox 464 1865 533 1923; x_wconf 89' lang='lat' dir='ltr'><strong>luna</strong></span> <span class='ocrx_word' id='word_1_135' title='bbox 546 1865 632 1940; x_wconf 74' lang='lat' dir='ltr'><strong>videt,</strong></span> <span class='ocrx_word' id='word_1_136' title='bbox 646 1865 696 1922; x_wconf 84' lang='lat' dir='ltr'><strong>sed</strong></span> <span class='ocrx_word' id='word_1_137' title='bbox 711 1865 803 1922; x_wconf 85' lang='lat' dir='ltr'><strong>sidera</strong></span> <span class='ocrx_word' id='word_1_138' title='bbox 816 1875 930 1938; x_wconf 70' lang='lat' dir='ltr'><strong>testes.</strong></span> 
     </span>
     <span class='ocr_line' id='line_1_22' title="bbox 139 1943 886 2016; baseline 0.005 -16"><span class='ocrx_word' id='word_1_139' title='bbox 139 1943 296 2002; x_wconf 90' lang='lat' dir='ltr'><strong>Intendunt</strong></span> <span class='ocrx_word' id='word_1_140' title='bbox 309 1945 414 2002; x_wconf 91' lang='lat' dir='ltr'><strong>oculos</strong></span> <span class='ocrx_word' id='word_1_141' title='bbox 455 1943 583 2002; x_wconf 88' lang='lat' dir='ltr'><strong>Finitum</strong></span> <span class='ocrx_word' id='word_1_142' title='bbox 597 1954 708 2016; x_wconf 89' lang='lat' dir='ltr'><strong>tempus</strong></span> <span class='ocrx_word' id='word_1_143' title='bbox 721 1943 837 2000; x_wconf 89' lang='lat' dir='ltr'><strong>honoris</strong></span> <span class='ocrx_word' id='word_1_144' title='bbox 883 1997 886 2004; x_wconf 92' lang='lat'>.</span> 
     </span>
     <span class='ocr_line' id='line_1_23' title="bbox 138 2020 875 2096; baseline -0.007 -15"><span class='ocrx_word' id='word_1_145' title='bbox 138 2021 239 2082; x_wconf 76' lang='lat' dir='ltr'><strong>Quum</strong></span> <span class='ocrx_word' id='word_1_146' title='bbox 252 2023 347 2094; x_wconf 88' lang='lat' dir='ltr'><strong>fuerit,</strong></span> <span class='ocrx_word' id='word_1_147' title='bbox 361 2021 438 2079; x_wconf 71' lang='lat' dir='ltr'><strong>clart</strong></span> <span class='ocrx_word' id='word_1_148' title='bbox 452 2021 641 2096; x_wconf 85' lang='lat' dir='ltr'><strong>Damasippus</strong></span> <span class='ocrx_word' id='word_1_149' title='bbox 654 2021 718 2077; x_wconf 88' lang='lat' dir='ltr'><strong>luce</strong></span> <span class='ocrx_word' id='word_1_150' title='bbox 732 2020 875 2096; x_wconf 82' lang='lat' dir='ltr'><strong>flagellum</strong></span> 
     </span>
     <span class='ocr_line' id='line_1_24' title="bbox 139 2098 875 2173; baseline -0.003 -17"><span class='ocrx_word' id='word_1_151' title='bbox 139 2100 250 2171; x_wconf 87' lang='lat' dir='ltr'><strong>Sumet,</strong></span> <span class='ocrx_word' id='word_1_152' title='bbox 264 2109 293 2156; x_wconf 90' lang='lat' dir='ltr'><strong>et</strong></span> <span class='ocrx_word' id='word_1_153' title='bbox 306 2119 456 2158; x_wconf 91' lang='lat' dir='ltr'><strong>occursum</strong></span> <span class='ocrx_word' id='word_1_154' title='bbox 471 2118 614 2173; x_wconf 89' lang='lat' dir='ltr'><strong>nunquam</strong></span> <span class='ocrx_word' id='word_1_155' title='bbox 628 2098 778 2173; x_wconf 82' lang='lat' dir='ltr'><strong>trepidabit</strong></span> <span class='ocrx_word' id='word_1_156' title='bbox 792 2098 875 2156; x_wconf 88' lang='lat' dir='ltr'><strong>amici</strong></span> 
     </span>
     <span class='ocr_line' id='line_1_25' title="bbox 138 2175 917 2252; baseline 0.001 -19"><span class='ocrx_word' id='word_1_157' title='bbox 138 2175 204 2234; x_wconf 84' lang='lat' dir='ltr'><strong>Jarn</strong></span> <span class='ocrx_word' id='word_1_158' title='bbox 219 2178 305 2249; x_wconf 90' lang='lat' dir='ltr'><strong>senis,</strong></span> <span class='ocrx_word' id='word_1_159' title='bbox 320 2196 354 2234; x_wconf 92' lang='lat' dir='ltr'><strong>ac</strong></span> <span class='ocrx_word' id='word_1_160' title='bbox 369 2178 447 2252; x_wconf 58' lang='lat' dir='ltr'><strong>virgi</strong></span> <span class='ocrx_word' id='word_1_161' title='bbox 461 2178 537 2252; x_wconf 82' lang='lat' dir='ltr'><strong>prior</strong></span> <span class='ocrx_word' id='word_1_162' title='bbox 551 2186 667 2250; x_wconf 87' lang='lat' dir='ltr'><strong>annuet,</strong></span> <span class='ocrx_word' id='word_1_163' title='bbox 683 2181 765 2249; x_wconf 86' lang='lat' dir='ltr'><strong>atque</strong></span> <span class='ocrx_word' id='word_1_164' title='bbox 779 2175 917 2252; x_wconf 83' lang='lat' dir='ltr'><strong>maniplos</strong></span> 
     </span>
     <span class='ocr_line' id='line_1_26' title="bbox 139 2253 802 2329; baseline -0.008 -16"><span class='ocrx_word' id='word_1_165' title='bbox 139 2255 245 2326; x_wconf 83' lang='lat' dir='ltr'><strong>Solvet,</strong></span> <span class='ocrx_word' id='word_1_166' title='bbox 259 2266 288 2312; x_wconf 96' lang='lat' dir='ltr'><strong>et</strong></span> <span class='ocrx_word' id='word_1_167' title='bbox 301 2255 435 2324; x_wconf 83' lang='lat' dir='ltr'><strong>infundet</strong></span> <span class='ocrx_word' id='word_1_168' title='bbox 445 2255 581 2329; x_wconf 85' lang='lat' dir='ltr'><strong>jumentis</strong></span> <span class='ocrx_word' id='word_1_169' title='bbox 595 2254 699 2312; x_wconf 87' lang='lat' dir='ltr'><strong>hordea</strong></span> <span class='ocrx_word' id='word_1_170' title='bbox 712 2253 802 2310; x_wconf 88' lang='lat' dir='ltr'><strong>lassis.</strong></span> 
     </span>
     <span class='ocr_line' id='line_1_27' title="bbox 138 2331 809 2406; baseline 0 -18"><span class='ocrx_word' id='word_1_171' title='bbox 138 2331 262 2404; x_wconf 82' lang='lat' dir='ltr'><strong>Interea,</strong></span> <span class='ocrx_word' id='word_1_172' title='bbox 277 2334 344 2390; x_wconf 89' lang='lat' dir='ltr'><strong>dum</strong></span> <span class='ocrx_word' id='word_1_173' title='bbox 359 2333 645 2406; x_wconf 86' lang='lat' dir='ltr'><strong>lanatastorvumque</strong></span> <span class='ocrx_word' id='word_1_174' title='bbox 656 2331 809 2405; x_wconf 85' lang='lat' dir='ltr'><strong>juvencum</strong></span> 
     </span>
     <span class='ocr_line' id='line_1_28' title="bbox 138 2408 818 2484; baseline 0 -18"><span class='ocrx_word' id='word_1_175' title='bbox 138 2409 220 2468; x_wconf 88' lang='lat' dir='ltr'><strong>More</strong></span> <span class='ocrx_word' id='word_1_176' title='bbox 234 2409 263 2466; x_wconf 95' lang='lat' dir='ltr'>N</span> <span class='ocrx_word' id='word_1_177' title='bbox 266 2430 339 2470; x_wconf 80' lang='lat' dir='ltr'><strong>umae</strong></span> <span class='ocrx_word' id='word_1_178' title='bbox 353 2411 438 2468; x_wconf 84' lang='lat' dir='ltr'><strong>oaedit</strong></span> <span class='ocrx_word' id='word_1_179' title='bbox 451 2408 530 2466; x_wconf 85' lang='lat' dir='ltr'><strong>Jovis</strong></span> <span class='ocrx_word' id='word_1_180' title='bbox 543 2413 609 2467; x_wconf 81' lang='lat' dir='ltr'><strong>ante</strong></span> <span class='ocrx_word' id='word_1_181' title='bbox 624 2409 732 2480; x_wconf 84' lang='lat' dir='ltr'><strong>altaria,</strong></span> <span class='ocrx_word' id='word_1_182' title='bbox 742 2409 818 2484; x_wconf 88' lang='lat' dir='ltr'><strong>jurat</strong></span> 
     </span>
     <span class='ocr_line' id='line_1_29' title="bbox 139 2487 925 2564; baseline -0.001 -19"><span class='ocrx_word' id='word_1_183' title='bbox 139 2487 235 2545; x_wconf 85' lang='lat' dir='ltr'><strong>Solam</strong></span> <span class='ocrx_word' id='word_1_184' title='bbox 250 2487 380 2563; x_wconf 86' lang='lat' dir='ltr'><strong>Eponam</strong></span> <span class='ocrx_word' id='word_1_185' title='bbox 393 2500 422 2546; x_wconf 90' lang='lat' dir='ltr'><strong>et</strong></span> <span class='ocrx_word' id='word_1_186' title='bbox 436 2489 523 2546; x_wconf 82' lang='lat' dir='ltr'><strong>facies</strong></span> <span class='ocrx_word' id='word_1_187' title='bbox 536 2488 612 2545; x_wconf 87' lang='lat' dir='ltr'><strong>olida</strong></span> <span class='ocrx_word' id='word_1_188' title='bbox 626 2488 661 2544; x_wconf 91' lang='lat' dir='ltr'><strong>ad</strong></span> <span class='ocrx_word' id='word_1_189' title='bbox 675 2488 811 2563; x_wconf 81' lang='lat' dir='ltr'><strong>praesepia</strong></span> <span class='ocrx_word' id='word_1_190' title='bbox 825 2488 925 2564; x_wconf 88' lang='lat' dir='ltr'><strong>pictas.</strong></span> 
     </span>
    </p>

    <p class='ocr_par' dir='ltr' id='par_1_6' title="bbox 40 2565 887 2954">
     <span class='ocr_line' id='line_1_30' title="bbox 40 2565 887 2642; baseline 0.005 -20"><span class='ocrx_word' id='word_1_191' title='bbox 40 2613 42 2622; x_wconf 37' lang='lat' dir='ltr'><strong>r</strong></span> <span class='ocrx_word' id='word_1_192' title='bbox 98 2567 100 2574; x_wconf 89' lang='lat'>&#39;</span> <span class='ocrx_word' id='word_1_193' title='bbox 139 2565 196 2622; x_wconf 83' lang='lat' dir='ltr'><strong>Sed</strong></span> <span class='ocrx_word' id='word_1_194' title='bbox 212 2585 298 2642; x_wconf 88' lang='lat' dir='ltr'><strong>quum</strong></span> <span class='ocrx_word' id='word_1_195' title='bbox 313 2566 462 2642; x_wconf 76' lang='lat' dir='ltr'><strong>pervigiles</strong></span> <span class='ocrx_word' id='word_1_196' title='bbox 475 2567 568 2642; x_wconf 89' lang='lat' dir='ltr'><strong>placet</strong></span> <span class='ocrx_word' id='word_1_197' title='bbox 579 2567 735 2623; x_wconf 89' lang='lat' dir='ltr'><strong>instaurare</strong></span> <span class='ocrx_word' id='word_1_198' title='bbox 748 2565 887 2642; x_wconf 78' lang='lat' dir='ltr'><strong>popinas3</strong></span> 
     </span>
     <span class='ocr_line' id='line_1_31' title="bbox 138 2645 784 2720; baseline 0 -18"><span class='ocrx_word' id='word_1_199' title='bbox 138 2645 247 2702; x_wconf 87' lang='lat' dir='ltr'><strong>Obvius</strong></span> <span class='ocrx_word' id='word_1_200' title='bbox 261 2645 373 2703; x_wconf 86' lang='lat' dir='ltr'><strong>assiduo</strong></span> <span class='ocrx_word' id='word_1_201' title='bbox 388 2645 576 2720; x_wconf 79' lang='lat' dir='ltr'><strong>Syropnoenix</strong></span> <span class='ocrx_word' id='word_1_202' title='bbox 589 2645 666 2704; x_wconf 92' lang='lat' dir='ltr'><strong>udus</strong></span> <span class='ocrx_word' id='word_1_203' title='bbox 673 2663 784 2702; x_wconf 90' lang='lat' dir='ltr'><strong>amomo</strong></span> 
     </span>
     <span class='ocr_line' id='line_1_32' title="bbox 138 2722 816 2804; baseline 0 -24"><span class='ocrx_word' id='word_1_204' title='bbox 138 2723 244 2794; x_wconf 88' lang='lat' dir='ltr'><strong>Currit,</strong></span> <span class='ocrx_word' id='word_1_205' title='bbox 259 2722 393 2780; x_wconf 81' lang='lat' dir='ltr'><strong>Idumaere</strong></span> <span class='ocrx_word' id='word_1_206' title='bbox 408 2723 597 2798; x_wconf 78' lang='lat' dir='ltr'><strong>Syrophoenix</strong></span> <span class='ocrx_word' id='word_1_207' title='bbox 611 2722 706 2781; x_wconf 87' lang='lat' dir='ltr'><strong>incola&#39;</strong></span> <span class='ocrx_word' id='word_1_208' title='bbox 717 2733 816 2804; x_wconf 82' lang='lat' dir='ltr'><strong>portae,</strong></span> 
     </span>
     <span class='ocr_line' id='line_1_33' title="bbox 138 2769 836 2878; baseline 0 -20"><span class='ocrx_word' id='word_1_209' title='bbox 138 2769 266 2876; x_wconf 87' lang='lat' dir='ltr'><strong>Hospitis</strong></span> <span class='ocrx_word' id='word_1_210' title='bbox 280 2802 383 2859; x_wconf 86' lang='lat' dir='ltr'><strong>affectu</strong></span> <span class='ocrx_word' id='word_1_211' title='bbox 398 2802 543 2860; x_wconf 88' lang='lat' dir='ltr'><strong>dominum</strong></span> <span class='ocrx_word' id='word_1_212' title='bbox 559 2807 711 2878; x_wconf 85' lang='lat' dir='ltr'><strong>regemque</strong></span> <span class='ocrx_word' id='word_1_213' title='bbox 725 2798 836 2872; x_wconf 88' lang='lat' dir='ltr'><strong>salutat,</strong></span> 
     </span>
     <span class='ocr_line' id='line_1_34' title="bbox 137 2878 758 2954; baseline -0.003 -18"><span class='ocrx_word' id='word_1_214' title='bbox 137 2878 254 2936; x_wconf 86' lang='lat' dir='ltr'><strong>Etcum</strong></span> <span class='ocrx_word' id='word_1_215' title='bbox 269 2879 360 2936; x_wconf 91' lang='lat' dir='ltr'><strong>venali</strong></span> <span class='ocrx_word' id='word_1_216' title='bbox 374 2879 473 2954; x_wconf 83' lang='lat' dir='ltr'><strong>Cyane</strong></span> <span class='ocrx_word' id='word_1_217' title='bbox 487 2880 634 2937; x_wconf 88' lang='lat' dir='ltr'><strong>succincta</strong></span> <span class='ocrx_word' id='word_1_218' title='bbox 647 2879 758 2953; x_wconf 73' lang='lat' dir='ltr'><strong>lagentt.</strong></span> 
     </span>
    </p>

    <p class='ocr_par' dir='ltr' id='par_1_7' title="bbox 137 2955 905 3264">
     <span class='ocr_line' id='line_1_35' title="bbox 177 2955 862 3031; baseline 0 -18"><span class='ocrx_word' id='word_1_219' title='bbox 177 2956 317 3013; x_wconf 77' lang='lat' dir='ltr'><strong>Defensor</strong></span> <span class='ocrx_word' id='word_1_220' title='bbox 331 2956 422 3031; x_wconf 81' lang='lat' dir='ltr'><strong>culpae</strong></span> <span class='ocrx_word' id='word_1_221' title='bbox 436 2957 513 3012; x_wconf 89' lang='lat' dir='ltr'><strong>dicet</strong></span> <span class='ocrx_word' id='word_1_222' title='bbox 526 2955 607 3026; x_wconf 86' lang='lat' dir='ltr'><strong>milri,</strong></span> <span class='ocrx_word' id='word_1_223' title='bbox 620 2956 754 3012; x_wconf 84' lang='lat' dir='ltr'><strong>Fecimus</strong></span> <span class='ocrx_word' id='word_1_224' title='bbox 767 2965 796 3012; x_wconf 90' lang='lat' dir='ltr'><strong>et</strong></span> <span class='ocrx_word' id='word_1_225' title='bbox 809 2973 862 3013; x_wconf 87' lang='lat' dir='ltr'><strong>nos</strong></span> 
     </span>
     <span class='ocr_line' id='line_1_36' title="bbox 138 3002 899 3109; baseline -0.003 -17"><span class='ocrx_word' id='word_1_226' title='bbox 138 3033 233 3109; x_wconf 82' lang='lat' dir='ltr'><strong>Haecj</strong></span> <span class='ocrx_word' id='word_1_227' title='bbox 236 3053 349 3091; x_wconf 84' lang='lat' dir='ltr'><strong>avenes</strong></span> <span class='ocrx_word' id='word_1_228' title='bbox 391 3033 468 3090; x_wconf 87' lang='lat' dir='ltr'><strong>Esto.</strong></span> <span class='ocrx_word' id='word_1_229' title='bbox 509 3002 616 3090; x_wconf 83' lang='lat' dir='ltr'><strong>Desisti</strong></span> <span class='ocrx_word' id='word_1_230' title='bbox 630 3051 742 3108; x_wconf 88' lang='lat' dir='ltr'><strong>nempe,</strong></span> <span class='ocrx_word' id='word_1_231' title='bbox 754 3050 811 3088; x_wconf 86' lang='lat' dir='ltr'><strong>nec</strong></span> <span class='ocrx_word' id='word_1_232' title='bbox 825 3029 899 3090; x_wconf 63' lang='lat' dir='ltr'><strong>ultra</strong></span> 
     </span>
     <span class='ocr_line' id='line_1_37' title="bbox 137 3054 915 3200; baseline -0.004 -30"><span class='ocrx_word' id='word_1_233' title='bbox 137 3054 246 3170; x_wconf 81' lang='lat' dir='ltr'><strong>Fovisli</strong></span> <span class='ocrx_word' id='word_1_234' title='bbox 261 3130 392 3169; x_wconf 88' lang='lat' dir='ltr'><strong>errorem.</strong></span> <span class='ocrx_word' id='word_1_235' title='bbox 434 3111 524 3168; x_wconf 85' lang='lat' dir='ltr'><strong>Breve</strong></span> <span class='ocrx_word' id='word_1_236' title='bbox 538 3111 574 3167; x_wconf 89' lang='lat' dir='ltr'><strong>sit</strong></span> <span class='ocrx_word' id='word_1_237' title='bbox 577 3111 672 3185; x_wconf 90' lang='lat' dir='ltr'><strong>,quod</strong></span> <span class='ocrx_word' id='word_1_238' title='bbox 686 3110 803 3200; x_wconf 83' lang='lat' dir='ltr'><strong>turpiter</strong></span> <span class='ocrx_word' id='word_1_239' title='bbox 817 3110 915 3168; x_wconf 89' lang='lat' dir='ltr'><strong>audes.</strong></span> 
     </span>
     <span class='ocr_line' id='line_1_38' title="bbox 137 3188 886 3264; baseline -0.008 -12"><span class='ocrx_word' id='word_1_240' title='bbox 137 3189 281 3252; x_wconf 79' lang='lat' dir='ltr'><strong>Quadam</strong></span> <span class='ocrx_word' id='word_1_241' title='bbox 295 3208 360 3246; x_wconf 89' lang='lat' dir='ltr'><strong>cum</strong></span> <span class='ocrx_word' id='word_1_242' title='bbox 375 3189 465 3264; x_wconf 82' lang='grc' dir='ltr'>ριΙιιιΙ</span> <span class='ocrx_word' id='word_1_243' title='bbox 479 3200 642 3246; x_wconf 89' lang='lat' dir='ltr'><strong>resecentur</strong></span> <span class='ocrx_word' id='word_1_244' title='bbox 656 3188 775 3245; x_wconf 87' lang='lat' dir='ltr'><strong>crimina</strong></span> <span class='ocrx_word' id='word_1_245' title='bbox 789 3188 886 3246; x_wconf 74' lang='lat' dir='ltr'><strong>barba,</strong></span> 
     </span>
    </p>

    <p class='ocr_par' dir='ltr' id='par_1_8' title="bbox 57 3266 985 3736">
     <span class='ocr_line' id='line_1_39' title="bbox 57 3266 901 3345; baseline 0.002 -21"><span class='ocrx_word' id='word_1_246' title='bbox 57 3311 60 3324; x_wconf 46' lang='grc' dir='ltr'><strong>ι</strong></span> <span class='ocrx_word' id='word_1_247' title='bbox 137 3268 261 3345; x_wconf 88' lang='lat' dir='ltr'><strong>Indulge</strong></span> <span class='ocrx_word' id='word_1_248' title='bbox 274 3267 385 3326; x_wconf 85' lang='lat' dir='ltr'><strong>veniam</strong></span> <span class='ocrx_word' id='word_1_249' title='bbox 399 3268 501 3343; x_wconf 89' lang='lat' dir='ltr'><strong>pueris.</strong></span> <span class='ocrx_word' id='word_1_250' title='bbox 543 3266 731 3342; x_wconf 86' lang='lat' dir='ltr'><strong>Damasippus</strong></span> <span class='ocrx_word' id='word_1_251' title='bbox 745 3267 780 3323; x_wconf 90' lang='lat' dir='ltr'><strong>ad</strong></span> <span class='ocrx_word' id='word_1_252' title='bbox 792 3266 854 3326; x_wconf 85' lang='lat' dir='ltr'><strong>illos</strong></span> <span class='ocrx_word' id='word_1_253' title='bbox 897 3302 901 3310; x_wconf 92' lang='lat'><em>·</em></span> 
     </span>
     <span class='ocr_line' id='line_1_40' title="bbox 138 3342 951 3420; baseline -0.004 -15"><span class='ocrx_word' id='word_1_254' title='bbox 138 3348 329 3405; x_wconf 88' lang='lat' dir='ltr'><strong>Thermarum</strong></span> <span class='ocrx_word' id='word_1_255' title='bbox 344 3345 470 3404; x_wconf 87' lang='lat' dir='ltr'><strong>calices</strong></span> <span class='ocrx_word' id='word_1_256' title='bbox 463 3345 654 3420; x_wconf 80' lang='lat' dir='ltr'><strong>inscriptaque</strong></span> <span class='ocrx_word' id='word_1_257' title='bbox 667 3345 755 3402; x_wconf 86' lang='lat' dir='ltr'><strong>lintea</strong></span> <span class='ocrx_word' id='word_1_258' title='bbox 770 3345 856 3418; x_wconf 84' lang='lat' dir='ltr'><strong>vadit,</strong></span> <span class='ocrx_word' id='word_1_259' title='bbox 949 3342 951 3348; x_wconf 75' lang='grc'><strong>’</strong></span> 
     </span>
     <span class='ocr_line' id='line_1_41' title="bbox 138 3423 815 3498; baseline -0.006 -14"><span class='ocrx_word' id='word_1_260' title='bbox 138 3424 269 3484; x_wconf 89' lang='lat' dir='ltr'><strong>Maturus</strong></span> <span class='ocrx_word' id='word_1_261' title='bbox 283 3425 367 3496; x_wconf 90' lang='lat' dir='ltr'><strong>bello,</strong></span> <span class='ocrx_word' id='word_1_262' title='bbox 382 3423 527 3482; x_wconf 73' lang='lat' dir='ltr'><strong>Armenia</strong></span> <span class='ocrx_word' id='word_1_263' title='bbox 542 3423 687 3498; x_wconf 74' lang='lat' dir='ltr'><strong>Syriaque</strong></span> <span class='ocrx_word' id='word_1_264' title='bbox 701 3423 815 3480; x_wconf 87' lang='lat' dir='ltr'><strong>tuendis</strong></span> 
     </span>
     <span class='ocr_line' id='line_1_42' title="bbox 138 3469 985 3577; baseline -0.005 -15"><span class='ocrx_word' id='word_1_265' title='bbox 138 3505 291 3576; x_wconf 85' lang='lat' dir='ltr'><strong>Amnibus,</strong></span> <span class='ocrx_word' id='word_1_266' title='bbox 305 3515 334 3560; x_wconf 91' lang='lat' dir='ltr'><strong>et</strong></span> <span class='ocrx_word' id='word_1_267' title='bbox 348 3504 453 3561; x_wconf 88' lang='lat' dir='ltr'><strong>Rheno</strong></span> <span class='ocrx_word' id='word_1_268' title='bbox 467 3513 550 3577; x_wconf 90' lang='lat' dir='ltr'><strong>atque</strong></span> <span class='ocrx_word' id='word_1_269' title='bbox 564 3501 645 3559; x_wconf 91' lang='lat' dir='ltr'><strong>Istro.</strong></span> <span class='ocrx_word' id='word_1_270' title='bbox 685 3501 825 3559; x_wconf 86' lang='lat' dir='ltr'><strong>Praestare</strong></span> <span class='ocrx_word' id='word_1_271' title='bbox 838 3469 985 3559; x_wconf 81' lang='lat' dir='ltr'><strong>Naronem</strong></span> 
     </span>
     <span class='ocr_line' id='line_1_43' title="bbox 138 3579 887 3653; baseline 0 -15"><span class='ocrx_word' id='word_1_272' title='bbox 138 3583 278 3638; x_wconf 84' lang='lat' dir='ltr'><strong>Securum</strong></span> <span class='ocrx_word' id='word_1_273' title='bbox 292 3583 367 3638; x_wconf 83' lang='lat' dir='ltr'><strong>valet</strong></span> <span class='ocrx_word' id='word_1_274' title='bbox 381 3584 443 3640; x_wconf 84' lang='lat' dir='ltr'><strong>haec</strong></span> <span class='ocrx_word' id='word_1_275' title='bbox 458 3591 533 3638; x_wconf 82' lang='lat' dir='ltr'><strong>aetas</strong></span> <span class='ocrx_word' id='word_1_276' title='bbox 575 3579 659 3638; x_wconf 89' lang='lat' dir='ltr'><strong>Mitte</strong></span> <span class='ocrx_word' id='word_1_277' title='bbox 672 3580 765 3653; x_wconf 85' lang='lat' dir='ltr'><strong>Ostia,</strong></span> <span class='ocrx_word' id='word_1_278' title='bbox 779 3580 887 3652; x_wconf 76' lang='lat' dir='ltr'><strong>cesar,</strong></span> 
     </span>
     <span class='ocr_line' id='line_1_44' title="bbox 137 3658 845 3749; baseline 0.001 -34"><span class='ocrx_word' id='word_1_279' title='bbox 137 3658 241 3728; x_wconf 81' lang='lat' dir='ltr'><strong>Mitte3</strong></span> <span class='ocrx_word' id='word_1_280' title='bbox 262 3659 357 3716; x_wconf 85' lang='lat' dir='ltr'><strong>sedin</strong></span> <span class='ocrx_word' id='word_1_281' title='bbox 369 3659 482 3734; x_wconf 70' lang='lat' dir='ltr'><strong>magna</strong></span> <span class='ocrx_word' id='word_1_282' title='bbox 487 3659 610 3736; x_wconf 81' lang='lat' dir='ltr'><strong>legatum</strong></span> <span class='ocrx_word' id='word_1_283' title='bbox 625 3675 719 3749; x_wconf 75' lang='lat' dir='ltr'><strong>quere</strong></span> <span class='ocrx_word' id='word_1_284' title='bbox 732 3659 845 3734; x_wconf 59' lang='lat' dir='ltr'><strong>popinis.</strong></span> 
     </span>
    </p>

    <p class='ocr_par' dir='ltr' id='par_1_9' title="bbox 84 3734 801 3815">
     <span class='ocr_line' id='line_1_45' title="bbox 84 3734 801 3815; baseline -0.003 -20"><span class='ocrx_word' id='word_1_285' title='bbox 84 3763 98 3795; x_wconf 76' lang='grc' dir='ltr'><strong>ι</strong></span> <span class='ocrx_word' id='word_1_286' title='bbox 138 3734 237 3794; x_wconf 79' lang='lat' dir='ltr'><strong>Inve</strong></span> <span class='ocrx_word' id='word_1_287' title='bbox 230 3756 271 3794; x_wconf 80' lang='lat' dir='ltr'><strong>ies</strong></span> <span class='ocrx_word' id='word_1_288' title='bbox 285 3737 379 3812; x_wconf 82' lang='lat' dir='ltr'><strong>aliquo</strong></span> <span class='ocrx_word' id='word_1_289' title='bbox 392 3755 458 3795; x_wconf 91' lang='lat' dir='ltr'><strong>cum</strong></span> <span class='ocrx_word' id='word_1_290' title='bbox 471 3757 637 3814; x_wconf 88' lang='lat' dir='ltr'><strong>percussore</strong></span> <span class='ocrx_word' id='word_1_291' title='bbox 648 3738 801 3815; x_wconf 87' lang='lat' dir='ltr'><strong>jacentem,</strong></span> 
     </span>
    </p>
   </div>
   <div class='ocr_carea' id='block_1_4' title="bbox 0 0 1290 4200">
    <p class='ocr_par' dir='ltr' id='par_1_10' title="bbox 0 0 1290 4200">
     <span class='ocr_line' id='line_1_46' title="bbox 0 0 1290 4200; baseline 0 0"><span class='ocrx_word' id='word_1_292' title='bbox 0 0 1290 4200; x_wconf 95' lang='lat' dir='ltr'><strong> </strong></span> 
     </span>
    </p>
   </div>
  </div>
 </body>
</html>
