2572 4200
539 226 663 276 strum
680 225 757 278 xln.

99 357 101 360 Ι
154 369 227 430 llaec
240 379 326 444 quota
338 367 403 444 pars
416 368 565 440 scelerum,
578 385 641 444 que
653 377 749 425 custus
761 367 889 425 Gallicus
902 365 987 425 Urbis
1063 386 1067 392 ¹
1118 369 1121 374 '

153 447 249 522 Usque
263 467 280 504 a
293 447 420 518 lucifero,
436 447 527 504 donec
541 446 589 503 lux
601 446 723 517 occidat,
739 446 847 502 auditl'

154 523 283 582 Humani
297 525 410 601 generis
423 542 515 582 mores
529 525 580 582 tibi
595 522 679 581 udsse
693 523 798 581 volenti
821 529 833 562 ἰ
888 543 890 550 ’

154 604 266 661 Sufficit
280 622 338 660 una
351 604 461 678 demus.
501 603 612 672 Paucos
625 609 762 658 consume
775 601 847 672 dies,
860 611 890 658 et

153 681 258 740 Dicere
272 693 300 740 te
315 681 458 751 miserum,
472 691 619 768 postquam
633 679 711 736 illinc
726 679 844 750 veneris,
859 679 941 747 aude.
1045 739 1046 742 ,

152 759 229 820 Quis
243 759 383 815 tumidum
396 769 493 846 guttur
508 761 622 816 miratur
637 757 666 814 iu
682 757 824 831 Alpibus?
845 768 894 815 eut
907 757 970 832 quic

1 823 2 849 l
44 837 46 842 '
153 837 189 893 ln
204 837 304 894 Meroe
319 855 413 894 crasso
426 837 560 924 majorem
574 836 681 892 infante
696 835 868 892 mamillaml

154 915 269 972 Caerula
282 914 345 989 quis
359 914 466 989 stupuit
478 913 615 970 Germani
630 913 748 982 lumina,
762 911 863 970 flavam

153 993 317 1063 Oaesariem,
331 1003 360 1048 et
374 991 496 1050 madido
501 1002 676 1066 torquentem
691 1008 798 1046 cornua
811 991 904 1048 cirrol

153 1069 266 1157 Nempe
279 1039 357 1144 qddd
372 1071 433 1126 haec
447 1069 502 1126 illis
515 1080 616 1126 natura
629 1079 672 1126 est
681 1068 814 1125 omuibus
827 1087 892 1125 una.

156 1145 208 1205 Ad
217 1148 324 1206 subitas
338 1147 486 1206 Thracum
501 1147 628 1203 volucres
642 1146 803 1234 nubemque
817 1165 948 1204 sonoram

154 1226 304 1301 Pygmaeus
317 1225 409 1302 parvis
422 1225 510 1282 currit
525 1223 662 1281 bellator
655 1243 684 1280 ιιι
699 1223 816 1280 armis:

111 1337 114 1342 ·
146 1302 244 1362 uMox'
237 1322 326 1378 impar
341 1303 413 1360 hosti
427 1314 576 1378 raptusque
590 1321 639 1377 per
653 1306 720 1358 abra
729 1302 824 1359 curvis

154 1381 307 1458 Unguibus
320 1401 338 1437 a
350 1399 425 1437 seva
440 1381 527 1437 fertur
540 1395 618 1456 grue
661 1379 692 1436 Si
706 1381 802 1436 videas
816 1381 870 1438 huc

153 1459 316 1518 Gentibus'
310 1479 338 1517 ιιι
353 1459 465 1529 nostris,
479 1459 537 1515 risu
550 1458 693 1553 quatiere:
714 1459 764 1514 sed
779 1457 848 1531 illic,

153 1536 329 1612 Quanquam
343 1537 446 1593 eadeui
460 1535 574 1593 assidue
589 1547 752 1612 spectentur
765 1504 874 1610 proella,
887 1536 961 1594 ridet

153 1615 257 1686 Nemo,
269 1615 317 1671 ubi
331 1625 388 1672 tota
401 1616 501 1671 cohors
516 1616 587 1690 pede
602 1633 659 1671 nou
673 1624 716 1671 est
729 1615 808 1670 altior
822 1633 907 1672 uno.-

160 1705 162 1712 '
193 1692 319 1750 Nullane
332 1693 438 1768 perjuri
450 1693 552 1767 capitis
567 1692 730 1766 fraudisque
746 1692 876 1750 nehndoe

153 1769 243 1827 Poena
256 1771 329 1827 eritl
370 1771 529 1846 Abreptum
543 1771 628 1826 crede
642 1772 719 1826 huuc
733 1770 860 1844 graviore
874 1769 974 1826 catenl
1071 1769 1138 1828 tm

153 1846 301 1920 Proteuus,
315 1858 345 1904 et
358 1859 453 1905 nostro
468 1847 550 1924 (quid
563 1849 626 1922 plus
637 1846 703 1904 velit
717 1847 790 1924 irat)
805 1847 902 1903 necari

153 1926 299 1983 Arbitrio:
321 1937 416 1984 manet
430 1926 478 1982 illa
494 1938 590 1983 tamen
602 1925 721 1999 jactura,
735 1942 790 1980 nec
806 1941 930 1998 unquam

153 2000 322 2079 Depositum
336 2004 388 2061 tibi
402 2023 500 2093 sospes
509 2002 571 2059 erit.
614 2004 671 2058 Sed
687 2020 804 2092 corpure
818 2013 922 2059 trunco

152 2080 296 2139 Invidiosa
309 2082 388 2138 dabit
400 2082 534 2139 minimus
548 2080 647 2139 solatia
657 2081 792 2156 sanguis:

152 2161 193 2216 At
207 2160 331 2217 vindicta
346 2160 450 2234 bquum
466 2159 522 2216 riui
533 2158 688 2234 jucundius
701 2153 838 2234 ipat.

152 2236 264 2314 Nempe
279 2239 333 2295 hoc
348 2237 454 2294 indocti
457 2255 593 2312 ‚quorum
607 2237 763 2312 praecordia
776 2236 862 2294 nullis

152 2313 302 2372 Interdum
317 2326 366 2373 aut
379 2315 487 2372 levibus
500 2316 595 2372 videas
609 2314 757 2405 flagrantia
770 2316 873 2372 causis

150 2392 414 2467 Quantulacuuque
428 2391 500 2454 adeo
513 2405 557 2450 est
569 2395 692 2464 occasio,
706 2393 830 2450 sufficit'
823 2411 880 2450 rrae.

151 2470 326 2546 Chrysippus
340 2489 396 2528 non
411 2471 491 2528 dicet
500 2472 585 2544 idern,
601 2490 656 2529 nec
669 2440 740 2528 nllte
751 2470 881 2528 Thaletis

151 2547 315 2624 Ingenium,
330 2549 462 2624 dulcique
476 2568 563 2606 senex
577 2549 688 2606 vicinus
702 2549 847 2623 Hymetto,

150 2625 213 2686 Qui
227 2637 335 2701 partem
350 2640 474 2702 accepta
489 2645 562 2682 seva
576 2627 649 2684 inter
662 2626 755 2683 vincla
768 2627 894 2682 aiente

151 2704 321 2761 Accusatori
335 2704 423 2762 nollet
436 2706 511 2762 dare.
553 2705 678 2761 Plurima
691 2704 757 2761 felix

150 2779 292 2839 Paulatim
307 2781 373 2838 vitia
387 2793 470 2857 atquc
483 2800 590 2838 errores
603 2783 681 2838 exuit
693 2799 802 2851 omnes,

151 2859 247 2916 Prima
260 2858 344 2916 docet
358 2871 466 2918 rectum
482 2859 645 2950 Sapientia:
666 2859 778 2935 quippe
776 2859 886 2917 mauri

152 2937 270 3014 Semper
284 2949 313 2994 et
325 2937 429 2996 infirmi
443 2949 486 2994 est
496 2938 583 2994 auimi
596 2939 746 3034 exiguique
761 2936 887 3014 voluptas
958 2983 960 2988 ,
1079 2935 1135 2998 190

151 3013 236 3073 Ultio.
277 3014 459 3073 Οοιιιιιιιιὸ
438 3035 479 3072 sic
493 3016 606 3092 collige,
620 3013 697 3090 qudd
712 3015 839 3072 vindictd

151 3086 246 3150 Nemo
259 3091 350 3169 magis
364 3094 479 3170 gaudet,
493 3092 579 3168 qudm
593 3095 716 3151 immina
758 3094 824 3150 Cur
830 3103 926 3151 tamen
940 3093 992 3151 hos
1004 3105 1036 3152 tu

151 3167 282 3228 Evasisse
296 3183 387 3246 putes,
400 3190 471 3260 quoa
485 3172 537 3228 diri
552 3173 666 3230 conscia
680 3172 749 3233 factl
999 3201 1000 3208 ¹

1 3325 2 3336 ι
66 3263 70 3268 ·
151 3245 237 3306 Mens
252 3249 336 3306 habet
350 3249 492 3320 attonitos,
505 3260 534 3307 et
547 3251 632 3306 surdo
645 3249 760 3306 verbere
774 3249 868 3322 crudit,

150 3325 306 3383 Occultum
321 3326 464 3402 quatiente
478 3327 573 3383 animo
586 3338 689 3388 tortore
704 3297 868 3416 flagelluml
1077 3323 1134 3386 195

150 3402 239 3460 Poena
254 3419 349 3461 autem
364 3406 516 3462 vehemens
531 3423 564 3461 ac
578 3405 666 3462 multo
680 3405 778 3462 sevior
793 3405 858 3476 illis,
1066 3457 1073 3476 ,

149 3480 234 3542 Quas
247 3493 276 3539 et
291 3482 435 3538 Cedicius
448 3482 541 3556 gravis
555 3482 671 3554 invenit,
685 3493 714 3539 et
727 3481 967 3540 Rhadamanthus
1066 3479 1073 3507 ¹·
1193 3476 1198 3487 ’

149 3559 245 3618 Nocte
259 3561 361 3635 dieque
376 3576 459 3616 suum
474 3570 585 3634 gestare
599 3560 628 3616 in
639 3570 753 3634 pectore
767 3570 876 3616 testem.
989 3629 992 3636 ⁴

149 3637 291 3727 Spartano
305 3638 419 3694 cuidam
434 3636 578 3711 respondit
591 3636 692 3710 Pythia
708 3649 806 3694 vates:

148 3715 260 3773 Haud'
252 3715 423 3850 ιιιιριιιιίιιιιιι
437 3715 578 3789 quondam
593 3715 651 3770 lure
654 3710 751 3787 ,qudd
766 3713 908 3820 dubitaret
1073 3715 1132 3774 lm
