2572 4200
143 253 164 320 t
276 281 297 330 ῃ
455 251 487 306 n.
503 253 601 306 sunu
617 253 820 339 iuventus.

145 394 204 456 sed
225 391 336 470 melius,
350 395 480 473 quddnil
494 397 596 458 animis
609 401 639 458 in
654 398 771 476 corpora
782 397 854 474 juris

145 479 255 535 Natura
269 477 405 552 indulget.
446 479 562 535 Steriles
576 480 742 550 moriuntur,
755 488 784 535 et
797 476 853 534 illis

144 550 276 631 Turgida
289 569 346 613 non
360 557 474 631 prodest
487 557 603 614 condita
616 558 719 634 pyxide
734 557 824 631 Lyde,

143 633 209 710 Nec
223 633 338 710 prodest
352 633 417 708 agili
432 635 540 708 palmas
553 635 678 709 prebere
691 636 830 711 Luperco.

183 709 262 769 Vicit
275 723 303 769 ct
314 713 370 769 boc
385 723 540 770 monstrum
555 715 674 772 tunicati
689 713 800 770 fuscina
813 710 951 782 Gracchi,

144 785 339 864 Lustravitque
353 791 421 866 suga
435 791 556 847 medum
570 792 707 866 gladiator
723 809 850 862 arenam,

143 863 182 926 Et
195 868 362 944 Capitolinis
376 869 548 943 generosior,
562 879 591 926 et
605 869 760 940 Marcellis,

143 945 183 1004 Et
196 947 315 1019 Getulis,
330 947 466 1021 Paulique
487 947 654 1020 minoribus,
668 960 696 1006 et
710 948 818 1018 Fabiis,
831 957 861 1004 et

141 1025 287 1082 Omnibus
301 1027 336 1082 ad
350 1025 466 1100 podium
481 1027 683 1100 spectantibus.
692 1040 715 1086 >t
724 1027 779 1084 His
793 1026 862 1082 licet
875 1024 968 1100 ipsum
1070 1021 1128 1082 1³⁰

143 1105 316 1176 Admoveas,
332 1104 413 1179 cujus
427 1115 496 1160 tunc
510 1123 628 1162 munere
642 1105 713 1162 retia
727 1103 811 1160 misit.
835 1131 857 1170 Γ

183 1179 255 1240 Esse
270 1182 373 1258 aliquid
389 1181 501 1252 Manes,
515 1192 544 1239 et
557 1182 739 1240 subterranea
753 1201 851 1257 regna,

142 1255 183 1318 Et
195 1273 322 1332 contum,
337 1273 366 1317 et
380 1261 478 1334 Stygio
491 1279 574 1316 ranas
588 1262 619 1317 in
632 1261 743 1336 gurgite
758 1261 863 1335 nigras,

134 1335 240 1414 'Atque
254 1341 312 1396 unit
326 1338 444 1395 transire
458 1339 559 1392 uadum
574 1349 615 1394 tot
629 1339 716 1395 millia
730 1339 842 1412 cynas,

143 1417 208 1474 Nec
222 1418 302 1494 pueri
315 1417 448 1486 credunt,
460 1414 515 1471 nisi
528 1417 576 1490 qui
590 1417 716 1472 nondum
731 1435 785 1472 sere
803 1415 940 1472 lavantur.

146 1496 203 1552 Sed
218 1507 248 1552 tu
262 1515 327 1552 vera
340 1507 417 1570 puta.
447 1492 552 1550 Curius
565 1495 633 1567 qnid
647 1494 742 1565 sentit,
756 1504 785 1550 et
798 1493 882 1550 ambo

146 1574 306 1648 Scipiadael
327 1573 395 1648 quid
410 1571 570 1642 Fabricius
584 1591 737 1646 manesque
748 1571 884 1629 Camillil
981 1625 987 1636 ,

143 1653 225 1714 Quid
240 1652 381 1709 Cremerae
396 1651 480 1726 legin,
494 1660 523 1706 et
537 1649 646 1707 Cannis
660 1661 834 1724 consumpta
839 1651 986 1725 juventus,

144 1730 204 1788 Tot
217 1731 353 1788 bellorum
369 1701 488 1798 animal
496 1730 605 1802 quoties
619 1729 687 1785 ltine
700 1729 764 1785 talis
776 1729 813 1785 ad
828 1728 890 1785 illos

144 1809 252 1866 Umbra
266 1809 365 1866 reniti
403 1807 549 1882 Cuperent
563 1807 688 1879 lustrari,
700 1808 725 1864 si
737 1825 793 1882 qua
807 1806 943 1866 darentur

146 1888 260 1945 Sulfura
274 1906 341 1944 cum
354 1887 445 1956 taedis,
459 1885 525 1942 etsi
540 1884 611 1943 leret
624 1887 741 1942 humida
755 1887 858 1943 lauras.

145 1966 229 2038 Illuc,
243 1968 298 2023 heu
308 1967 316 2023 l
336 1964 432 2022 miseri
446 1965 628 2021 traducimur.
670 1966 760 2022 Arma
772 1963 887 2038 quidem
898 1963 973 2021 ultra

145 2043 254 2103 Littera
267 2044 285 2100 J
288 2063 401 2101 uvernae
415 2043 620 2118 promovimus,
633 2055 661 2100 et
674 2041 759 2100 modo
774 2053 882 2117 captas

145 2122 285 2193 Orcadas,
295 2141 329 2178 ac
340 2121 458 2178 minimi
472 2131 620 2177 contentos
634 2131 717 2179 nocte
728 2121 899 2178 Britannos:

146 2202 203 2258 Sed
218 2220 280 2275 quae
294 2218 375 2257 nunc
386 2198 482 2274 populi
496 2198 569 2255 fiunt
582 2199 696 2256 victoris
709 2200 739 2258 in
754 2199 836 2272 urbe,

146 2277 213 2336 Non
228 2279 335 2337 faciunt
353 2278 407 2349 illi,
417 2295 487 2352 quos
501 2277 674 2352 uicimus—
704 2336 737 2354 „-

520 2593 678 2652 SATIRA
699 2592 757 2650 ΙΙΙ.
802 2543 803 2546 ¹
869 2627 870 2632 κ

185 2745 330 2813 Qusirvrs
342 2751 473 2827 digressu
486 2751 588 2808 veteris
601 2749 736 2808 confusus
749 2749 847 2822 amici,

147 2829 246 2888 Laudo
259 2839 365 2901 tamen,
379 2831 476 2886 vacum
489 2828 565 2904 qudd
580 2831 676 2886 sedem
691 2830 778 2904 ligere
791 2828 895 2886 Cumis

146 2907 288 2978 Destinet,
303 2919 386 2982 atque
401 2927 489 2963 unum
504 2909 595 2964 civem
610 2909 715 2964 donare
730 2906 853 2980 Sibyllae.

147 2985 243 3043 lanua
253 2985 385 3042 Baiarum
400 2997 452 3056 est,
468 2997 496 3042 et
509 2999 620 3062 gratnm
631 2987 708 3044 littus
723 2985 826 3042 amoeni

148 3063 292 3122 Secessus.
334 3063 396 3139 Ego
410 3065 452 3121 vel
468 3065 636 3139 Prochytam
650 3083 783 3140 praepono
794 3064 922 3121 Suburae.

147 3143 223 3200 Nam
238 3143 306 3217 quid
319 3153 377 3200 tam
391 3144 535 3216 miserum,
551 3155 607 3200 tam
623 3144 714 3200 solum
727 3142 860 3215 vidimus,
869 3152 901 3200 ut
913 3161 972 3202 aea

148 3221 282 3279 Deterius
293 3223 392 3278 credas
407 3223 519 3280 horrere
530 3223 674 3293 incendia,
688 3223 782 3297 lapsus

148 3299 304 3358 Tectorum
319 3300 456 3373 assiduos,
472 3321 506 3358 ac
519 3302 597 3358 mille
609 3301 735 3376 pericula
749 3317 828 3356 saerae

148 3379 244 3450 Urbis,
257 3390 286 3436 et
300 3380 431 3454 Augusto
444 3381 597 3438 recitantes
611 3397 708 3436 mense
722 3379 844 3452 poetasl

148 3458 206 3516 Sed
218 3458 285 3514 dum
300 3467 357 3516 tota
367 3459 468 3516 domus
482 3459 570 3516 rhedis
585 3457 762 3531 componitur
776 3455 845 3527 unit,

149 3537 281 3594 Substitit
294 3537 329 3593 ad
345 3549 452 3594 veteres
467 3556 549 3594 arcus
563 3535 761 3610 madidamque
776 3534 934 3610 Capenam.

149 3614 219 3686 Hic,
233 3613 282 3670 ubi
296 3627 443 3672 moturnae
457 3616 555 3672 Numa
568 3614 759 3672 constituebat
772 3614 882 3685 amicae,

148 3693 238 3751 Nunc
253 3694 325 3750 sacri
340 3695 425 3750 fontis
438 3713 540 3750 nemus
554 3704 583 3751 et
596 3692 713 3749 delubra
726 3691 856 3748 locantur

149 3770 268 3842 Judaeis,
282 3790 401 3846 quorum
414 3771 554 3846 cophinus
568 3771 729 3844 frenumque
741 3769 878 3845 supellex,

803 3887 815 3903 n

150 3937 169 3950 ‘¹
188 3901 212 3950 κ
242 3931 281 3952 ’”’·
297 3947 316 3960 η.
367 3932 413 3964 ’,Ἃ
433 3941 448 3952 ω
471 3945 477 3960 5
541 3923 556 3958 ξι
576 3887 655 3957 till(
700 3883 737 3957 ἶς’
814 3887 856 3946 Α]
872 3917 886 3940 “’
909 3917 913 3927 ’
992 3903 994 3910 v

274 4009 276 4014 .
402 4007 405 4021 ‚
721 4003 724 4013 Ι
781 4013 784 4022 ,

181 4052 192 4076 ί
268 4019 359 4088 ,wit-'g
398 4026 445 4108 ἰ’-11
468 4005 572 4090 „lb-'⁴5¹‘
660 4059 681 4084 ⁴¹⁴
700 4048 708 4076 l.
728 4021 754 4080 [Α
791 4046 795 4056 ’
815 4054 855 4072 sp,
885 4041 890 4054 ⁶

741 4099 749 4114 l
