<?xml version="1.0" encoding="UTF-8"?>
<!DOCTYPE html PUBLIC "-//W3C//DTD XHTML 1.0 Transitional//EN"
    "http://www.w3.org/TR/xhtml1/DTD/xhtml1-transitional.dtd">
<html xmlns="http://www.w3.org/1999/xhtml" xml:lang="en" lang="en">
 <head>
  <title>
</title>
<meta http-equiv="Content-Type" content="text/html;charset=utf-8" />
  <meta name='ocr-system' content='tesseract 3.04.00' />
  <meta name='ocr-capabilities' content='ocr_page ocr_carea ocr_par ocr_line ocrx_word'/>
</head>
<body>
  <div class='ocr_page' id='page_1' title='image "./decimijuniijuve01levegoog_0107.png"; bbox 0 0 2614 4186; ppageno 0'>
   <div class='ocr_carea' id='block_1_1' title="bbox 533 217 706 268">
    <p class='ocr_par' dir='ltr' id='par_1_1' title="bbox 533 217 706 268">
     <span class='ocr_line' id='line_1_1' title="bbox 533 217 706 268; baseline 0.012 -2"><span class='ocrx_word' id='word_1_1' title='bbox 533 217 657 268; x_wconf 72' lang='lat' dir='ltr'>stulta</span> <span class='ocrx_word' id='word_1_2' title='bbox 674 219 706 268; x_wconf 84' lang='lat' dir='ltr'>V.</span> 
     </span>
    </p>
   </div>
   <div class='ocr_carea' id='block_1_2' title="bbox 85 358 1051 3817">
    <p class='ocr_par' dir='ltr' id='par_1_2' title="bbox 118 358 891 436">
     <span class='ocr_line' id='line_1_2' title="bbox 118 358 891 436; baseline -0.001 -19"><span class='ocrx_word' id='word_1_3' title='bbox 118 358 188 417; x_wconf 88' lang='lat' dir='ltr'>Ore</span> <span class='ocrx_word' id='word_1_4' title='bbox 201 369 276 417; x_wconf 89' lang='lat' dir='ltr'>teres</span> <span class='ocrx_word' id='word_1_5' title='bbox 290 359 412 432; x_wconf 89' lang='lat' dir='ltr'>modico,</span> <span class='ocrx_word' id='word_1_6' title='bbox 425 360 564 436; x_wconf 85' lang='lat' dir='ltr'>pallentes</span> <span class='ocrx_word' id='word_1_7' title='bbox 577 361 676 418; x_wconf 87' lang='lat' dir='ltr'>radere</span> <span class='ocrx_word' id='word_1_8' title='bbox 690 378 783 418; x_wconf 90' lang='lat' dir='ltr'>mores</span> <span class='ocrx_word' id='word_1_9' title='bbox 888 430 891 435; x_wconf 34' lang='grc'><strong>,</strong></span> 
     </span>
    </p>

    <p class='ocr_par' dir='ltr' id='par_1_3' title="bbox 120 435 903 514">
     <span class='ocr_line' id='line_1_3' title="bbox 120 435 903 514; baseline 0 -18"><span class='ocrx_word' id='word_1_10' title='bbox 120 437 247 510; x_wconf 89' lang='lat' dir='ltr'>Doctus,</span> <span class='ocrx_word' id='word_1_11' title='bbox 261 447 291 494; x_wconf 86' lang='lat' dir='ltr'>et</span> <span class='ocrx_word' id='word_1_12' title='bbox 304 438 430 514; x_wconf 90' lang='lat' dir='ltr'>ingenuo</span> <span class='ocrx_word' id='word_1_13' title='bbox 441 439 553 514; x_wconf 85' lang='lat' dir='ltr'>culpam</span> <span class='ocrx_word' id='word_1_14' title='bbox 568 437 691 514; x_wconf 88' lang='lat' dir='ltr'>defigere</span> <span class='ocrx_word' id='word_1_15' title='bbox 706 437 791 496; x_wconf 79' lang='lat' dir='ltr'>ludo·</span> <span class='ocrx_word' id='word_1_16' title='bbox 895 435 903 446; x_wconf 85' lang='grc'><strong><em>’</em></strong></span> 
     </span>
    </p>

    <p class='ocr_par' dir='ltr' id='par_1_4' title="bbox 121 497 1051 604">
     <span class='ocr_line' id='line_1_4' title="bbox 121 497 1051 604; baseline -0.002 -32"><span class='ocrx_word' id='word_1_17' title='bbox 121 497 207 572; x_wconf 78' lang='lat' dir='ltr'>Illuc</span> <span class='ocrx_word' id='word_1_18' title='bbox 221 516 309 586; x_wconf 85' lang='lat' dir='ltr'>trahe,</span> <span class='ocrx_word' id='word_1_19' title='bbox 323 533 385 590; x_wconf 84' lang='lat' dir='ltr'>quae</span> <span class='ocrx_word' id='word_1_20' title='bbox 400 515 489 588; x_wconf 85' lang='lat' dir='ltr'>dicas,</span> <span class='ocrx_word' id='word_1_21' title='bbox 504 535 687 590; x_wconf 81' lang='lat' dir='ltr'>mensamque</span> <span class='ocrx_word' id='word_1_22' title='bbox 702 514 830 590; x_wconf 76' lang='lat' dir='ltr'>relinque</span> <span class='ocrx_word' id='word_1_23' title='bbox 844 513 976 604; x_wconf 63' lang='lat' dir='ltr'>Mycenis</span> <span class='ocrx_word' id='word_1_24' title='bbox 1049 577 1051 582; x_wconf 48' lang='grc'><strong>,</strong></span> 
     </span>
    </p>

    <p class='ocr_par' dir='ltr' id='par_1_5' title="bbox 122 591 1023 746">
     <span class='ocr_line' id='line_1_5' title="bbox 122 591 1023 670; baseline -0.001 -20"><span class='ocrx_word' id='word_1_25' title='bbox 122 593 203 650; x_wconf 88' lang='lat' dir='ltr'>Cum</span> <span class='ocrx_word' id='word_1_26' title='bbox 217 592 309 668; x_wconf 88' lang='lat' dir='ltr'>capite</span> <span class='ocrx_word' id='word_1_27' title='bbox 323 593 493 668; x_wconf 87' lang='lat' dir='ltr'>etpedibus,</span> <span class='ocrx_word' id='word_1_28' title='bbox 507 593 672 670; x_wconf 88' lang='lat' dir='ltr'>plebeiaqne</span> <span class='ocrx_word' id='word_1_29' title='bbox 685 594 805 668; x_wconf 92' lang='lat' dir='ltr'>prandia</span> <span class='ocrx_word' id='word_1_30' title='bbox 818 591 904 649; x_wconf 78' lang='lat' dir='ltr'>ndns.</span> <span class='ocrx_word' id='word_1_31' title='bbox 947 649 951 664; x_wconf 70' lang='grc'><em>,</em></span> <span class='ocrx_word' id='word_1_32' title='bbox 1021 626 1023 634; x_wconf 81' lang='grc'><strong><em>·</em></strong></span> 
     </span>
     <span class='ocr_line' id='line_1_6' title="bbox 166 669 923 746; baseline 0 -20"><span class='ocrx_word' id='word_1_33' title='bbox 166 669 235 728; x_wconf 89' lang='lat' dir='ltr'>Non</span> <span class='ocrx_word' id='word_1_34' title='bbox 249 671 379 744; x_wconf 85' lang='lat' dir='ltr'>equidem</span> <span class='ocrx_word' id='word_1_35' title='bbox 393 671 448 728; x_wconf 92' lang='lat' dir='ltr'>hoc</span> <span class='ocrx_word' id='word_1_36' title='bbox 461 671 570 743; x_wconf 87' lang='lat' dir='ltr'>studeo,</span> <span class='ocrx_word' id='word_1_37' title='bbox 585 670 698 727; x_wconf 88' lang='lat' dir='ltr'>bullatis</span> <span class='ocrx_word' id='word_1_38' title='bbox 712 682 742 728; x_wconf 90' lang='lat' dir='ltr'>ut</span> <span class='ocrx_word' id='word_1_39' title='bbox 755 671 826 728; x_wconf 89' lang='lat' dir='ltr'>mihi</span> <span class='ocrx_word' id='word_1_40' title='bbox 839 670 923 746; x_wconf 88' lang='lat' dir='ltr'>nugis</span> 
     </span>
    </p>

    <p class='ocr_par' dir='ltr' id='par_1_6' title="bbox 85 747 821 826">
     <span class='ocr_line' id='line_1_7' title="bbox 85 747 821 826; baseline 0.005 -25"><span class='ocrx_word' id='word_1_41' title='bbox 85 797 87 801; x_wconf 89' lang='lat'><em>.</em></span> <span class='ocrx_word' id='word_1_42' title='bbox 126 747 238 823; x_wconf 80' lang='lat' dir='ltr'><strong>Pagina</strong></span> <span class='ocrx_word' id='word_1_43' title='bbox 250 757 401 824; x_wconf 84' lang='lat' dir='ltr'>turgescat,</span> <span class='ocrx_word' id='word_1_44' title='bbox 416 749 483 805; x_wconf 86' lang='lat' dir='ltr'>dare</span> <span class='ocrx_word' id='word_1_45' title='bbox 496 750 607 826; x_wconf 90' lang='lat' dir='ltr'>pondus</span> <span class='ocrx_word' id='word_1_46' title='bbox 620 747 821 814; x_wconf 40' lang='lat' dir='ltr'>idoneaslumo.</span> 
     </span>
    </p>

    <p class='ocr_par' dir='ltr' id='par_1_7' title="bbox 124 824 918 900">
     <span class='ocr_line' id='line_1_8' title="bbox 124 824 918 900; baseline -0.001 -19"><span class='ocrx_word' id='word_1_47' title='bbox 124 825 238 892; x_wconf 77' lang='lat' dir='ltr'>Secreti</span> <span class='ocrx_word' id='word_1_48' title='bbox 252 825 398 900; x_wconf 89' lang='lat' dir='ltr'>loquimur.</span> <span class='ocrx_word' id='word_1_49' title='bbox 440 825 509 883; x_wconf 85' lang='lat' dir='ltr'>Tibi</span> <span class='ocrx_word' id='word_1_50' title='bbox 522 845 610 898; x_wconf 90' lang='lat' dir='ltr'>nunc,</span> <span class='ocrx_word' id='word_1_51' title='bbox 625 825 753 882; x_wconf 84' lang='lat' dir='ltr'><strong>hortante</strong></span> <span class='ocrx_word' id='word_1_52' title='bbox 768 824 918 896; x_wconf 77' lang='lat' dir='ltr'>Camoend,</span> 
     </span>
    </p>

    <p class='ocr_par' dir='ltr' id='par_1_8' title="bbox 128 901 902 978">
     <span class='ocr_line' id='line_1_9' title="bbox 128 901 902 978; baseline -0.001 -19"><span class='ocrx_word' id='word_1_53' title='bbox 128 903 309 968; x_wconf 74' lang='lat' dir='ltr'>Excutienda</span> <span class='ocrx_word' id='word_1_54' title='bbox 320 904 420 960; x_wconf 88' lang='lat' dir='ltr'>damus</span> <span class='ocrx_word' id='word_1_55' title='bbox 433 901 604 978; x_wconf 75' lang='lat' dir='ltr'>praecordia:</span> <span class='ocrx_word' id='word_1_56' title='bbox 625 914 785 978; x_wconf 88' lang='lat' dir='ltr'>quantaque</span> <span class='ocrx_word' id='word_1_57' title='bbox 800 913 902 960; x_wconf 76' lang='lat' dir='ltr'>nostrae</span> 
     </span>
    </p>

    <p class='ocr_par' dir='ltr' id='par_1_9' title="bbox 127 980 980 1060">
     <span class='ocr_line' id='line_1_10' title="bbox 127 980 980 1060; baseline 0.001 -23"><span class='ocrx_word' id='word_1_58' title='bbox 127 981 198 1037; x_wconf 87' lang='lat' dir='ltr'>Pars</span> <span class='ocrx_word' id='word_1_59' title='bbox 208 992 257 1037; x_wconf 87' lang='lat' dir='ltr'>tua</span> <span class='ocrx_word' id='word_1_60' title='bbox 270 980 316 1052; x_wconf 86' lang='lat' dir='ltr'>sit,</span> <span class='ocrx_word' id='word_1_61' title='bbox 330 980 467 1053; x_wconf 86' lang='lat' dir='ltr'>Cornnte,</span> <span class='ocrx_word' id='word_1_62' title='bbox 482 981 593 1052; x_wconf 82' lang='lat' dir='ltr'>animae,</span> <span class='ocrx_word' id='word_1_63' title='bbox 607 982 668 1052; x_wconf 83' lang='lat' dir='ltr'>tibi,</span> <span class='ocrx_word' id='word_1_64' title='bbox 683 981 775 1037; x_wconf 87' lang='lat' dir='ltr'>dulcis</span> <span class='ocrx_word' id='word_1_65' title='bbox 790 981 891 1053; x_wconf 81' lang='lat' dir='ltr'>amice,</span> <span class='ocrx_word' id='word_1_66' title='bbox 977 1051 980 1060; x_wconf 17' lang='grc' dir='ltr'><strong>Ἰ</strong></span> 
     </span>
    </p>

    <p class='ocr_par' dir='ltr' id='par_1_10' title="bbox 124 1058 838 1134">
     <span class='ocr_line' id='line_1_11' title="bbox 124 1058 838 1134; baseline -0.003 -18"><span class='ocrx_word' id='word_1_67' title='bbox 124 1059 297 1116; x_wconf 87' lang='lat' dir='ltr'>Ostendisse</span> <span class='ocrx_word' id='word_1_68' title='bbox 310 1059 396 1134; x_wconf 86' lang='lat' dir='ltr'>juvat.</span> <span class='ocrx_word' id='word_1_69' title='bbox 439 1058 533 1131; x_wconf 80' lang='lat' dir='ltr'>Pulsa,</span> <span class='ocrx_word' id='word_1_70' title='bbox 548 1060 714 1134; x_wconf 81' lang='lat' dir='ltr'>dignoscere</span> <span class='ocrx_word' id='word_1_71' title='bbox 729 1069 838 1130; x_wconf 90' lang='lat' dir='ltr'>cautus,</span> 
     </span>
    </p>

    <p class='ocr_par' dir='ltr' id='par_1_11' title="bbox 123 1134 859 1212">
     <span class='ocr_line' id='line_1_12' title="bbox 123 1134 859 1212; baseline -0.007 -16"><span class='ocrx_word' id='word_1_72' title='bbox 123 1134 208 1196; x_wconf 77' lang='lat' dir='ltr'>Quid</span> <span class='ocrx_word' id='word_1_73' title='bbox 223 1136 344 1193; x_wconf 88' lang='lat' dir='ltr'>solidum</span> <span class='ocrx_word' id='word_1_74' title='bbox 358 1146 463 1212; x_wconf 75' lang='lat' dir='ltr'>crepet,</span> <span class='ocrx_word' id='word_1_75' title='bbox 478 1147 506 1192; x_wconf 89' lang='lat' dir='ltr'>et</span> <span class='ocrx_word' id='word_1_76' title='bbox 539 1137 607 1192; x_wconf 82' lang='lat' dir='ltr'>ictae.</span> <span class='ocrx_word' id='word_1_77' title='bbox 615 1136 733 1210; x_wconf 83' lang='lat' dir='ltr'>tectoria</span> <span class='ocrx_word' id='word_1_78' title='bbox 746 1136 859 1211; x_wconf 83' lang='lat' dir='ltr'>linguae.</span> 
     </span>
    </p>

    <p class='ocr_par' dir='ltr' id='par_1_12' title="bbox 126 1157 772 1289">
     <span class='ocr_line' id='line_1_13' title="bbox 126 1157 772 1289; baseline -0.006 -17"><span class='ocrx_word' id='word_1_79' title='bbox 126 1210 250 1289; x_wconf 85' lang='lat' dir='ltr'>Hisego</span> <span class='ocrx_word' id='word_1_80' title='bbox 264 1225 400 1273; x_wconf 80' lang='lat' dir='ltr'>centenas</span> <span class='ocrx_word' id='word_1_81' title='bbox 414 1157 664 1288; x_wconf 77' lang='lat' dir='ltr'>ausimdeposcere</span> <span class='ocrx_word' id='word_1_82' title='bbox 679 1231 772 1284; x_wconf 90' lang='lat' dir='ltr'>voces,</span> 
     </span>
    </p>

    <p class='ocr_par' dir='ltr' id='par_1_13' title="bbox 125 1289 818 1366">
     <span class='ocr_line' id='line_1_14' title="bbox 125 1289 818 1366; baseline -0.003 -18"><span class='ocrx_word' id='word_1_83' title='bbox 125 1289 176 1363; x_wconf 88' lang='lat' dir='ltr'>Ut,</span> <span class='ocrx_word' id='word_1_84' title='bbox 190 1289 326 1366; x_wconf 72' lang='lat' dir='ltr'>quantum</span> <span class='ocrx_word' id='word_1_85' title='bbox 340 1292 409 1358; x_wconf 85' lang='lat' dir='ltr'>mihi</span> <span class='ocrx_word' id='word_1_86' title='bbox 420 1302 447 1348; x_wconf 93' lang='lat' dir='ltr'>te</span> <span class='ocrx_word' id='word_1_87' title='bbox 461 1291 574 1349; x_wconf 91' lang='lat' dir='ltr'>sinuoso</span> <span class='ocrx_word' id='word_1_88' title='bbox 589 1292 619 1348; x_wconf 91' lang='lat' dir='ltr'>in</span> <span class='ocrx_word' id='word_1_89' title='bbox 632 1302 745 1366; x_wconf 91' lang='lat' dir='ltr'>pectore</span> <span class='ocrx_word' id='word_1_90' title='bbox 760 1290 818 1362; x_wconf 84' lang='lat' dir='ltr'>lixi,</span> 
     </span>
    </p>

    <p class='ocr_par' dir='ltr' id='par_1_14' title="bbox 126 1369 915 1445">
     <span class='ocr_line' id='line_1_15' title="bbox 126 1369 915 1445; baseline -0.003 -19"><span class='ocrx_word' id='word_1_91' title='bbox 126 1369 330 1445; x_wconf 81' lang='lat' dir='ltr'>Voce&#39;traham</span> <span class='ocrx_word' id='word_1_92' title='bbox 343 1371 423 1444; x_wconf 72' lang='lat' dir='ltr'>pura,</span> <span class='ocrx_word' id='word_1_93' title='bbox 435 1380 581 1445; x_wconf 89' lang='lat' dir='ltr'>totumque</span> <span class='ocrx_word' id='word_1_94' title='bbox 595 1369 650 1426; x_wconf 92' lang='lat' dir='ltr'>hoc</span> <span class='ocrx_word' id='word_1_95' title='bbox 664 1369 747 1426; x_wconf 89' lang='lat' dir='ltr'>verba</span> <span class='ocrx_word' id='word_1_96' title='bbox 760 1370 915 1444; x_wconf 83' lang='lat' dir='ltr'>resignent,</span> 
     </span>
    </p>

    <p class='ocr_par' dir='ltr' id='par_1_15' title="bbox 126 1446 1033 1600">
     <span class='ocr_line' id='line_1_16' title="bbox 126 1446 917 1508; baseline -0.008 0"><span class='ocrx_word' id='word_1_97' title='bbox 126 1447 217 1508; x_wconf 79' lang='lat' dir='ltr'>Quod</span> <span class='ocrx_word' id='word_1_98' title='bbox 230 1447 298 1505; x_wconf 91' lang='lat' dir='ltr'>latet</span> <span class='ocrx_word' id='word_1_99' title='bbox 311 1447 415 1504; x_wconf 73' lang='lat' dir='ltr'>arcana</span> <span class='ocrx_word' id='word_1_100' title='bbox 426 1466 483 1504; x_wconf 91' lang='lat' dir='ltr'>non</span> <span class='ocrx_word' id='word_1_101' title='bbox 497 1447 653 1504; x_wconf 82' lang='lat' dir='ltr'>enarrabile</span> <span class='ocrx_word' id='word_1_102' title='bbox 667 1446 746 1503; x_wconf 74' lang='lat' dir='ltr'>libra.</span> <span class='ocrx_word' id='word_1_103' title='bbox 854 1494 863 1500; x_wconf 76' lang='grc'><strong>,</strong></span> <span class='ocrx_word' id='word_1_104' title='bbox 911 1461 917 1471; x_wconf 93' lang='grc'>·</span> 
     </span>
     <span class='ocr_line' id='line_1_17' title="bbox 166 1523 1033 1600; baseline 0.001 -21"><span class='ocrx_word' id='word_1_105' title='bbox 166 1523 267 1584; x_wconf 78' lang='lat' dir='ltr'>Quum</span> <span class='ocrx_word' id='word_1_106' title='bbox 282 1523 403 1600; x_wconf 80' lang='lat' dir='ltr'>primrlm</span> <span class='ocrx_word' id='word_1_107' title='bbox 416 1525 517 1599; x_wconf 87' lang='lat' dir='ltr'>pavido</span> <span class='ocrx_word' id='word_1_108' title='bbox 531 1525 630 1588; x_wconf 84' lang='lat' dir='ltr'>custos</span> <span class='ocrx_word' id='word_1_109' title='bbox 640 1525 708 1580; x_wconf 90' lang='lat' dir='ltr'>milri</span> <span class='ocrx_word' id='word_1_110' title='bbox 722 1543 846 1600; x_wconf 84' lang='lat' dir='ltr'>purpura</span> <span class='ocrx_word' id='word_1_111' title='bbox 860 1523 955 1598; x_wconf 82' lang='lat' dir='ltr'>cessit,</span> <span class='ocrx_word' id='word_1_112' title='bbox 1028 1536 1033 1544; x_wconf 65' lang='lat'><em>²</em></span> 
     </span>
    </p>

    <p class='ocr_par' dir='ltr' id='par_1_16' title="bbox 128 1601 828 1678">
     <span class='ocr_line' id='line_1_18' title="bbox 128 1601 828 1678; baseline 0 -20"><span class='ocrx_word' id='word_1_113' title='bbox 128 1601 266 1676; x_wconf 87' lang='lat' dir='ltr'>Bullaque</span> <span class='ocrx_word' id='word_1_114' title='bbox 277 1603 430 1658; x_wconf 81' lang='lat' dir='ltr'>succinctis</span> <span class='ocrx_word' id='word_1_115' title='bbox 441 1603 547 1677; x_wconf 84' lang='lat' dir='ltr'>laribus</span> <span class='ocrx_word' id='word_1_116' title='bbox 560 1603 664 1659; x_wconf 89' lang='lat' dir='ltr'>donata</span> <span class='ocrx_word' id='word_1_117' title='bbox 678 1602 828 1678; x_wconf 91' lang='lat' dir='ltr'>pependit;</span> 
     </span>
    </p>

    <p class='ocr_par' dir='ltr' id='par_1_17' title="bbox 128 1671 894 1756">
     <span class='ocr_line' id='line_1_19' title="bbox 128 1671 894 1756; baseline 0.005 -22"><span class='ocrx_word' id='word_1_118' title='bbox 128 1677 229 1740; x_wconf 77' lang='lat' dir='ltr'>Quum</span> <span class='ocrx_word' id='word_1_119' title='bbox 244 1679 339 1742; x_wconf 91' lang='lat' dir='ltr'>blandi</span> <span class='ocrx_word' id='word_1_120' title='bbox 354 1674 481 1750; x_wconf 80' lang='lat' dir='ltr'>comites,</span> <span class='ocrx_word' id='word_1_121' title='bbox 492 1681 605 1754; x_wconf 77' lang='lat' dir='ltr'>totisque</span> <span class='ocrx_word' id='word_1_122' title='bbox 620 1680 734 1756; x_wconf 84' lang='lat' dir='ltr'>impune</span> <span class='ocrx_word' id='word_1_123' title='bbox 749 1671 862 1736; x_wconf 75' lang='lat' dir='ltr'>Suburd</span> <span class='ocrx_word' id='word_1_124' title='bbox 891 1735 894 1738; x_wconf 83' lang='lat'><em>.</em></span> 
     </span>
    </p>

    <p class='ocr_par' dir='ltr' id='par_1_18' title="bbox 128 1757 859 1834">
     <span class='ocr_line' id='line_1_20' title="bbox 128 1757 859 1834; baseline 0 -20"><span class='ocrx_word' id='word_1_125' title='bbox 128 1757 261 1815; x_wconf 81' lang='lat' dir='ltr'>Permisit</span> <span class='ocrx_word' id='word_1_126' title='bbox 273 1758 406 1833; x_wconf 87' lang='lat' dir='ltr'>sparsisse</span> <span class='ocrx_word' id='word_1_127' title='bbox 421 1757 518 1814; x_wconf 92' lang='lat' dir='ltr'>oculos</span> <span class='ocrx_word' id='word_1_128' title='bbox 528 1757 587 1834; x_wconf 85' lang='lat' dir='ltr'>jam</span> <span class='ocrx_word' id='word_1_129' title='bbox 601 1758 740 1814; x_wconf 85' lang='lat' dir='ltr'>candidus</span> <span class='ocrx_word' id='word_1_130' title='bbox 754 1758 859 1826; x_wconf 90' lang='lat' dir='ltr'>umbo;</span> 
     </span>
    </p>

    <p class='ocr_par' dir='ltr' id='par_1_19' title="bbox 127 1835 929 1913">
     <span class='ocr_line' id='line_1_21' title="bbox 127 1835 929 1913; baseline -0.006 -18"><span class='ocrx_word' id='word_1_131' title='bbox 127 1835 283 1913; x_wconf 77' lang='lat' dir='ltr'>Quumque</span> <span class='ocrx_word' id='word_1_132' title='bbox 297 1837 349 1892; x_wconf 89' lang='lat' dir='ltr'>iter</span> <span class='ocrx_word' id='word_1_133' title='bbox 364 1835 527 1910; x_wconf 85' lang='lat' dir='ltr'>ambiguum</span> <span class='ocrx_word' id='word_1_134' title='bbox 542 1845 594 1907; x_wconf 86' lang='lat' dir='ltr'>est,</span> <span class='ocrx_word' id='word_1_135' title='bbox 609 1845 637 1891; x_wconf 91' lang='lat' dir='ltr'>et</span> <span class='ocrx_word' id='word_1_136' title='bbox 651 1835 714 1891; x_wconf 82' lang='lat' dir='ltr'>vitae</span> <span class='ocrx_word' id='word_1_137' title='bbox 727 1836 842 1890; x_wconf 88' lang='lat' dir='ltr'>nescius</span> <span class='ocrx_word' id='word_1_138' title='bbox 852 1853 929 1892; x_wconf 88' lang='lat' dir='ltr'>error</span> 
     </span>
    </p>

    <p class='ocr_par' dir='ltr' id='par_1_20' title="bbox 128 1909 931 1990">
     <span class='ocr_line' id='line_1_22' title="bbox 128 1909 931 1990; baseline -0.004 -20"><span class='ocrx_word' id='word_1_139' title='bbox 128 1913 247 1970; x_wconf 87' lang='lat' dir='ltr'>Diducit</span> <span class='ocrx_word' id='word_1_140' title='bbox 260 1911 383 1989; x_wconf 83' lang='lat' dir='ltr'>trepidas</span> <span class='ocrx_word' id='word_1_141' title='bbox 396 1931 505 1970; x_wconf 90' lang='lat' dir='ltr'>ramosa</span> <span class='ocrx_word' id='word_1_142' title='bbox 518 1913 548 1969; x_wconf 91' lang='lat' dir='ltr'>in</span> <span class='ocrx_word' id='word_1_143' title='bbox 563 1909 685 1988; x_wconf 88' lang='lat' dir='ltr'>compita</span> <span class='ocrx_word' id='word_1_144' title='bbox 698 1924 824 1968; x_wconf 88' lang='lat' dir='ltr'>mentes:</span> <span class='ocrx_word' id='word_1_145' title='bbox 926 1983 931 1990; x_wconf 31' lang='grc' dir='ltr'>ι</span> 
     </span>
    </p>

    <p class='ocr_par' dir='ltr' id='par_1_21' title="bbox 130 1989 845 2066">
     <span class='ocr_line' id='line_1_23' title="bbox 130 1989 845 2066; baseline -0.006 -16"><span class='ocrx_word' id='word_1_146' title='bbox 130 1990 178 2050; x_wconf 85' lang='lat' dir='ltr'>Me</span> <span class='ocrx_word' id='word_1_147' title='bbox 193 1992 242 2048; x_wconf 87' lang='lat' dir='ltr'>tibi</span> <span class='ocrx_word' id='word_1_148' title='bbox 257 1991 397 2066; x_wconf 86' lang='lat' dir='ltr'>supposui.</span> <span class='ocrx_word' id='word_1_149' title='bbox 439 1989 568 2065; x_wconf 86' lang='lat' dir='ltr'>Teneros</span> <span class='ocrx_word' id='word_1_150' title='bbox 577 1999 610 2046; x_wconf 92' lang='lat' dir='ltr'>tn</span> <span class='ocrx_word' id='word_1_151' title='bbox 623 1990 742 2066; x_wconf 83' lang='lat' dir='ltr'>suscipis</span> <span class='ocrx_word' id='word_1_152' title='bbox 756 2007 845 2055; x_wconf 88' lang='lat' dir='ltr'>annos</span> 
     </span>
    </p>

    <p class='ocr_par' dir='ltr' id='par_1_22' title="bbox 129 2065 858 2140">
     <span class='ocr_line' id='line_1_24' title="bbox 129 2065 858 2140; baseline 0.001 -16"><span class='ocrx_word' id='word_1_153' title='bbox 129 2067 283 2140; x_wconf 85' lang='lat' dir='ltr'>Socratico,</span> <span class='ocrx_word' id='word_1_154' title='bbox 295 2070 431 2140; x_wconf 83' lang='lat' dir='ltr'>Cornute,</span> <span class='ocrx_word' id='word_1_155' title='bbox 446 2069 518 2126; x_wconf 85' lang='lat' dir='ltr'>sinti.</span> <span class='ocrx_word' id='word_1_156' title='bbox 560 2067 647 2134; x_wconf 85' lang='lat' dir='ltr'>Tunc</span> <span class='ocrx_word' id='word_1_157' title='bbox 661 2067 756 2124; x_wconf 88' lang='lat' dir='ltr'>fallere</span> <span class='ocrx_word' id='word_1_158' title='bbox 770 2065 858 2125; x_wconf 91' lang='lat' dir='ltr'>solers</span> 
     </span>
    </p>

    <p class='ocr_par' dir='ltr' id='par_1_23' title="bbox 129 2145 765 2222">
     <span class='ocr_line' id='line_1_25' title="bbox 129 2145 765 2222; baseline -0.002 -20"><span class='ocrx_word' id='word_1_159' title='bbox 129 2147 267 2222; x_wconf 83' lang='lat' dir='ltr'>Apposita</span> <span class='ocrx_word' id='word_1_160' title='bbox 279 2148 396 2204; x_wconf 88' lang='lat' dir='ltr'>intortos</span> <span class='ocrx_word' id='word_1_161' title='bbox 409 2147 532 2204; x_wconf 87' lang='lat' dir='ltr'>ostendit</span> <span class='ocrx_word' id='word_1_162' title='bbox 545 2145 643 2222; x_wconf 87' lang='lat' dir='ltr'>regula</span> <span class='ocrx_word' id='word_1_163' title='bbox 653 2164 765 2214; x_wconf 89' lang='lat' dir='ltr'>mores;</span> 
     </span>
    </p>

    <p class='ocr_par' dir='ltr' id='par_1_24' title="bbox 129 2223 840 2300">
     <span class='ocr_line' id='line_1_26' title="bbox 129 2223 840 2300; baseline 0 -20"><span class='ocrx_word' id='word_1_164' title='bbox 129 2225 166 2281; x_wconf 90' lang='lat' dir='ltr'>Et</span> <span class='ocrx_word' id='word_1_165' title='bbox 179 2225 313 2300; x_wconf 84' lang='lat' dir='ltr'>premitur</span> <span class='ocrx_word' id='word_1_166' title='bbox 327 2227 434 2282; x_wconf 88' lang='lat' dir='ltr'>ratione</span> <span class='ocrx_word' id='word_1_167' title='bbox 448 2225 568 2296; x_wconf 90' lang='lat' dir='ltr'>animus,</span> <span class='ocrx_word' id='word_1_168' title='bbox 583 2224 714 2298; x_wconf 71' lang='lat' dir='ltr'>uincique</span> <span class='ocrx_word' id='word_1_169' title='bbox 722 2223 840 2296; x_wconf 89' lang='lat' dir='ltr'>laborat,</span> 
     </span>
    </p>

    <p class='ocr_par' dir='ltr' id='par_1_25' title="bbox 130 2302 801 2378">
     <span class='ocr_line' id='line_1_27' title="bbox 130 2302 801 2378; baseline -0.003 -19"><span class='ocrx_word' id='word_1_170' title='bbox 130 2303 333 2377; x_wconf 86' lang='lat' dir='ltr'>Artificemque</span> <span class='ocrx_word' id='word_1_171' title='bbox 348 2312 397 2360; x_wconf 88' lang='lat' dir='ltr'>tuo</span> <span class='ocrx_word' id='word_1_172' title='bbox 411 2303 490 2360; x_wconf 91' lang='lat' dir='ltr'>ducit</span> <span class='ocrx_word' id='word_1_173' title='bbox 498 2303 556 2359; x_wconf 87' lang='lat' dir='ltr'>sub</span> <span class='ocrx_word' id='word_1_174' title='bbox 568 2302 677 2378; x_wconf 92' lang='lat' dir='ltr'>pollice·</span> <span class='ocrx_word' id='word_1_175' title='bbox 687 2303 801 2360; x_wconf 90' lang='lat' dir='ltr'>vultum.</span> 
     </span>
    </p>

    <p class='ocr_par' dir='ltr' id='par_1_26' title="bbox 129 2379 892 2457">
     <span class='ocr_line' id='line_1_28' title="bbox 129 2379 892 2457; baseline 0 -21"><span class='ocrx_word' id='word_1_176' title='bbox 129 2379 242 2446; x_wconf 81' lang='lat' dir='ltr'>Tecum</span> <span class='ocrx_word' id='word_1_177' title='bbox 256 2382 361 2438; x_wconf 85' lang='lat' dir='ltr'>etenim</span> <span class='ocrx_word' id='word_1_178' title='bbox 376 2381 474 2457; x_wconf 90' lang='lat' dir='ltr'>longos</span> <span class='ocrx_word' id='word_1_179' title='bbox 488 2381 603 2438; x_wconf 89' lang='lat' dir='ltr'>memini</span> <span class='ocrx_word' id='word_1_180' title='bbox 613 2400 786 2457; x_wconf 25' lang='lat' dir='ltr'>&#39;consumere</span> <span class='ocrx_word' id='word_1_181' title='bbox 800 2381 892 2452; x_wconf 71' lang='lat' dir='ltr'>soles,</span> 
     </span>
    </p>

    <p class='ocr_par' dir='ltr' id='par_1_27' title="bbox 129 2455 945 2535">
     <span class='ocr_line' id='line_1_29' title="bbox 129 2455 945 2535; baseline 0.001 -21"><span class='ocrx_word' id='word_1_182' title='bbox 129 2455 166 2514; x_wconf 82' lang='lat' dir='ltr'>Et</span> <span class='ocrx_word' id='word_1_183' title='bbox 179 2468 274 2515; x_wconf 89' lang='lat' dir='ltr'>tecum</span> <span class='ocrx_word' id='word_1_184' title='bbox 287 2459 391 2535; x_wconf 90' lang='lat' dir='ltr'>primas</span> <span class='ocrx_word' id='word_1_185' title='bbox 404 2459 494 2534; x_wconf 91' lang='lat' dir='ltr'>epulis</span> <span class='ocrx_word' id='word_1_186' title='bbox 508 2460 659 2535; x_wconf 85' lang='lat' dir='ltr'>decerpere</span> <span class='ocrx_word' id='word_1_187' title='bbox 674 2470 781 2515; x_wconf 83' lang='lat' dir='ltr'>noctes.</span> <span class='ocrx_word' id='word_1_188' title='bbox 871 2516 880 2526; x_wconf 51' lang='lat'><em>„</em></span> <span class='ocrx_word' id='word_1_189' title='bbox 935 2485 945 2498; x_wconf 93' lang='lat'>·</span> 
     </span>
    </p>

    <p class='ocr_par' dir='ltr' id='par_1_28' title="bbox 129 2535 901 2613">
     <span class='ocr_line' id='line_1_30' title="bbox 129 2535 901 2613; baseline 0.003 -21"><span class='ocrx_word' id='word_1_190' title='bbox 129 2535 225 2595; x_wconf 88' lang='lat' dir='ltr'>Unum</span> <span class='ocrx_word' id='word_1_191' title='bbox 239 2557 310 2613; x_wconf 91' lang='lat' dir='ltr'>opus</span> <span class='ocrx_word' id='word_1_192' title='bbox 323 2549 352 2594; x_wconf 93' lang='lat' dir='ltr'>et</span> <span class='ocrx_word' id='word_1_193' title='bbox 366 2537 491 2611; x_wconf 86' lang='lat' dir='ltr'>requiem</span> <span class='ocrx_word' id='word_1_194' title='bbox 503 2538 608 2613; x_wconf 83' lang='lat' dir='ltr'>pariter</span> <span class='ocrx_word' id='word_1_195' title='bbox 619 2537 795 2612; x_wconf 85' lang='lat' dir='ltr'>disponimus</span> <span class='ocrx_word' id='word_1_196' title='bbox 809 2535 901 2608; x_wconf 87' lang='lat' dir='ltr'>ambo,</span> 
     </span>
    </p>

    <p class='ocr_par' dir='ltr' id='par_1_29' title="bbox 130 2613 745 2688">
     <span class='ocr_line' id='line_1_31' title="bbox 130 2613 745 2688; baseline 0.002 -18"><span class='ocrx_word' id='word_1_197' title='bbox 130 2614 224 2688; x_wconf 86' lang='lat' dir='ltr'>Atque</span> <span class='ocrx_word' id='word_1_198' title='bbox 238 2615 398 2671; x_wconf 72' lang='lat' dir='ltr'>verecunda</span> <span class='ocrx_word' id='word_1_199' title='bbox 411 2615 538 2672; x_wconf 76' lang='lat' dir='ltr'>latemus</span> <span class='ocrx_word' id='word_1_200' title='bbox 552 2615 625 2670; x_wconf 84' lang='lat' dir='ltr'>seria</span> <span class='ocrx_word' id='word_1_201' title='bbox 639 2613 745 2671; x_wconf 80' lang='lat' dir='ltr'>mensd.</span> 
     </span>
    </p>

    <p class='ocr_par' dir='ltr' id='par_1_30' title="bbox 129 2690 929 2767">
     <span class='ocr_line' id='line_1_32' title="bbox 129 2690 929 2767; baseline 0.006 -20"><span class='ocrx_word' id='word_1_202' title='bbox 129 2690 195 2747; x_wconf 92' lang='lat' dir='ltr'>Non</span> <span class='ocrx_word' id='word_1_203' title='bbox 209 2693 340 2767; x_wconf 91' lang='lat' dir='ltr'>equidem</span> <span class='ocrx_word' id='word_1_204' title='bbox 355 2693 409 2748; x_wconf 92' lang='lat' dir='ltr'>hoc</span> <span class='ocrx_word' id='word_1_205' title='bbox 419 2692 540 2762; x_wconf 88' lang='lat' dir='ltr'>dubites,</span> <span class='ocrx_word' id='word_1_206' title='bbox 555 2691 700 2748; x_wconf 89' lang='lat' dir='ltr'>amborum</span> <span class='ocrx_word' id='word_1_207' title='bbox 715 2690 822 2747; x_wconf 89' lang='lat' dir='ltr'>soedere.</span> <span class='ocrx_word' id='word_1_208' title='bbox 834 2701 911 2748; x_wconf 86' lang='lat' dir='ltr'>certo</span> <span class='ocrx_word' id='word_1_209' title='bbox 926 2745 929 2752; x_wconf 25' lang='lat' dir='ltr'><em>A</em></span> 
     </span>
    </p>

    <p class='ocr_par' dir='ltr' id='par_1_31' title="bbox 130 2765 742 2841">
     <span class='ocr_line' id='line_1_33' title="bbox 130 2765 742 2841; baseline -0.003 -15"><span class='ocrx_word' id='word_1_210' title='bbox 130 2769 298 2827; x_wconf 87' lang='lat' dir='ltr'>Consentire</span> <span class='ocrx_word' id='word_1_211' title='bbox 312 2770 383 2841; x_wconf 89' lang='lat' dir='ltr'>dies,</span> <span class='ocrx_word' id='word_1_212' title='bbox 398 2781 427 2827; x_wconf 90' lang='lat' dir='ltr'>et</span> <span class='ocrx_word' id='word_1_213' title='bbox 441 2771 476 2826; x_wconf 90' lang='lat' dir='ltr'>ab</span> <span class='ocrx_word' id='word_1_214' title='bbox 491 2765 550 2826; x_wconf 40' lang='lat' dir='ltr'>uno*</span> <span class='ocrx_word' id='word_1_215' title='bbox 562 2769 653 2826; x_wconf 89' lang='lat' dir='ltr'>sidere</span> <span class='ocrx_word' id='word_1_216' title='bbox 667 2769 742 2826; x_wconf 89' lang='lat' dir='ltr'>duci.</span> 
     </span>
    </p>

    <p class='ocr_par' dir='ltr' id='par_1_32' title="bbox 129 2845 803 2924">
     <span class='ocr_line' id='line_1_34' title="bbox 129 2845 803 2924; baseline 0.001 -21"><span class='ocrx_word' id='word_1_217' title='bbox 129 2845 233 2904; x_wconf 85' lang='lat' dir='ltr'>Nostra</span> <span class='ocrx_word' id='word_1_218' title='bbox 246 2848 289 2906; x_wconf 86' lang='lat' dir='ltr'>vel</span> <span class='ocrx_word' id='word_1_219' title='bbox 304 2847 403 2922; x_wconf 83' lang='lat' dir='ltr'>aeqnali</span> <span class='ocrx_word' id='word_1_220' title='bbox 417 2847 563 2924; x_wconf 91' lang='lat' dir='ltr'>suspendit</span> <span class='ocrx_word' id='word_1_221' title='bbox 576 2857 702 2924; x_wconf 88' lang='lat' dir='ltr'>tempora</span> <span class='ocrx_word' id='word_1_222' title='bbox 716 2845 803 2904; x_wconf 77' lang='lat' dir='ltr'>Libra</span> 
     </span>
    </p>

    <p class='ocr_par' dir='ltr' id='par_1_33' title="bbox 130 2925 767 2997">
     <span class='ocr_line' id='line_1_35' title="bbox 130 2925 767 2997; baseline 0.002 -16"><span class='ocrx_word' id='word_1_223' title='bbox 130 2925 219 2983; x_wconf 86' lang='lat' dir='ltr'>Parca</span> <span class='ocrx_word' id='word_1_224' title='bbox 232 2938 318 2984; x_wconf 88' lang='lat' dir='ltr'>tenax</span> <span class='ocrx_word' id='word_1_225' title='bbox 331 2926 398 2997; x_wconf 88' lang='lat' dir='ltr'>veri,</span> <span class='ocrx_word' id='word_1_226' title='bbox 413 2945 463 2983; x_wconf 92' lang='lat' dir='ltr'>seu</span> <span class='ocrx_word' id='word_1_227' title='bbox 475 2936 541 2984; x_wconf 88' lang='lat' dir='ltr'>nata</span> <span class='ocrx_word' id='word_1_228' title='bbox 554 2925 684 2983; x_wconf 82' lang='lat' dir='ltr'>fidelibus</span> <span class='ocrx_word' id='word_1_229' title='bbox 698 2927 767 2982; x_wconf 83' lang='lat' dir='ltr'>hora</span> 
     </span>
    </p>

    <p class='ocr_par' dir='ltr' id='par_1_34' title="bbox 130 2998 812 3076">
     <span class='ocr_line' id='line_1_36' title="bbox 130 2998 812 3076; baseline 0 -16"><span class='ocrx_word' id='word_1_230' title='bbox 130 3002 236 3061; x_wconf 91' lang='lat' dir='ltr'>Dividit</span> <span class='ocrx_word' id='word_1_231' title='bbox 250 3005 279 3062; x_wconf 90' lang='lat' dir='ltr'>in</span> <span class='ocrx_word' id='word_1_232' title='bbox 293 3005 430 3062; x_wconf 87' lang='lat' dir='ltr'>Geminos</span> <span class='ocrx_word' id='word_1_233' title='bbox 443 3006 596 3062; x_wconf 88' lang='lat' dir='ltr'>concordia</span> <span class='ocrx_word' id='word_1_234' title='bbox 610 2998 667 3062; x_wconf 87' lang='lat' dir='ltr'>fata</span> <span class='ocrx_word' id='word_1_235' title='bbox 679 3003 812 3076; x_wconf 88' lang='lat' dir='ltr'>duorum,</span> 
     </span>
    </p>

    <p class='ocr_par' dir='ltr' id='par_1_35' title="bbox 131 3079 911 3158">
     <span class='ocr_line' id='line_1_37' title="bbox 131 3079 911 3158; baseline 0.008 -22"><span class='ocrx_word' id='word_1_236' title='bbox 131 3081 338 3157; x_wconf 84' lang='lat' dir='ltr'>Saturnumque</span> <span class='ocrx_word' id='word_1_237' title='bbox 352 3083 465 3158; x_wconf 87' lang='lat' dir='ltr'>gravem</span> <span class='ocrx_word' id='word_1_238' title='bbox 479 3095 574 3140; x_wconf 90' lang='lat' dir='ltr'>nostro</span> <span class='ocrx_word' id='word_1_239' title='bbox 587 3081 658 3140; x_wconf 86' lang='lat' dir='ltr'>Jove</span> <span class='ocrx_word' id='word_1_240' title='bbox 672 3079 829 3158; x_wconf 84' lang='lat' dir='ltr'>frangimus</span> <span class='ocrx_word' id='word_1_241' title='bbox 843 3079 911 3142; x_wconf 79' lang='lat' dir='ltr'>und.</span> 
     </span>
    </p>

    <p class='ocr_par' dir='ltr' id='par_1_36' title="bbox 131 3157 987 3312">
     <span class='ocr_line' id='line_1_38' title="bbox 131 3157 987 3237; baseline 0.002 -24"><span class='ocrx_word' id='word_1_242' title='bbox 131 3157 236 3222; x_wconf 79' lang='lat' dir='ltr'>Nescio</span> <span class='ocrx_word' id='word_1_243' title='bbox 248 3160 321 3233; x_wconf 91' lang='lat' dir='ltr'>quod</span> <span class='ocrx_word' id='word_1_244' title='bbox 336 3159 413 3217; x_wconf 82' lang='lat' dir='ltr'>certd</span> <span class='ocrx_word' id='word_1_245' title='bbox 428 3170 481 3232; x_wconf 88' lang='lat' dir='ltr'>est,</span> <span class='ocrx_word' id='word_1_246' title='bbox 495 3161 569 3234; x_wconf 89' lang='lat' dir='ltr'>qnod</span> <span class='ocrx_word' id='word_1_247' title='bbox 580 3179 630 3228; x_wconf 86' lang='lat' dir='ltr'>rne</span> <span class='ocrx_word' id='word_1_248' title='bbox 639 3160 689 3217; x_wconf 91' lang='lat' dir='ltr'>tibi</span> <span class='ocrx_word' id='word_1_249' title='bbox 709 3171 856 3237; x_wconf 88' lang='lat' dir='ltr'>temperat,</span> <span class='ocrx_word' id='word_1_250' title='bbox 871 3170 987 3218; x_wconf 85' lang='lat' dir='ltr'>astrum.</span> 
     </span>
     <span class='ocr_line' id='line_1_39' title="bbox 169 3233 943 3312; baseline 0.001 -21"><span class='ocrx_word' id='word_1_251' title='bbox 169 3233 249 3292; x_wconf 86' lang='lat' dir='ltr'>Mille</span> <span class='ocrx_word' id='word_1_252' title='bbox 264 3236 408 3293; x_wconf 90' lang='lat' dir='ltr'>hominum</span> <span class='ocrx_word' id='word_1_253' title='bbox 423 3238 542 3312; x_wconf 88' lang='lat' dir='ltr'>species,</span> <span class='ocrx_word' id='word_1_254' title='bbox 556 3248 585 3295; x_wconf 90' lang='lat' dir='ltr'>et</span> <span class='ocrx_word' id='word_1_255' title='bbox 597 3257 691 3296; x_wconf 87' lang='lat' dir='ltr'>rerum</span> <span class='ocrx_word' id='word_1_256' title='bbox 705 3238 826 3296; x_wconf 90' lang='lat' dir='ltr'>discolor</span> <span class='ocrx_word' id='word_1_257' title='bbox 839 3255 917 3294; x_wconf 86' lang='lat' dir='ltr'>usus.</span> <span class='ocrx_word' id='word_1_258' title='bbox 941 3285 943 3292; x_wconf 89' lang='grc'><em>,</em></span> 
     </span>
    </p>

    <p class='ocr_par' dir='ltr' id='par_1_37' title="bbox 130 3311 823 3389">
     <span class='ocr_line' id='line_1_40' title="bbox 130 3311 823 3389; baseline 0.004 -18"><span class='ocrx_word' id='word_1_259' title='bbox 130 3315 210 3372; x_wconf 89' lang='lat' dir='ltr'>Velle</span> <span class='ocrx_word' id='word_1_260' title='bbox 224 3331 307 3370; x_wconf 84' lang='lat' dir='ltr'>suum</span> <span class='ocrx_word' id='word_1_261' title='bbox 321 3314 424 3389; x_wconf 90' lang='lat' dir='ltr'>cuique</span> <span class='ocrx_word' id='word_1_262' title='bbox 437 3311 488 3386; x_wconf 82' lang='lat' dir='ltr'>es&#39;t,</span> <span class='ocrx_word' id='word_1_263' title='bbox 504 3333 558 3372; x_wconf 90' lang='lat' dir='ltr'>nec</span> <span class='ocrx_word' id='word_1_264' title='bbox 571 3329 636 3373; x_wconf 85' lang='lat' dir='ltr'>voto</span> <span class='ocrx_word' id='word_1_265' title='bbox 654 3315 754 3374; x_wconf 87' lang='lat' dir='ltr'>vivitur</span> <span class='ocrx_word' id='word_1_266' title='bbox 765 3335 823 3374; x_wconf 92' lang='lat' dir='ltr'>uno</span> 
     </span>
    </p>

    <p class='ocr_par' dir='ltr' id='par_1_38' title="bbox 131 3389 845 3468">
     <span class='ocr_line' id='line_1_41' title="bbox 131 3389 845 3468; baseline 0 -17"><span class='ocrx_word' id='word_1_267' title='bbox 131 3391 275 3451; x_wconf 88' lang='lat' dir='ltr'>Mercibus</span> <span class='ocrx_word' id='word_1_268' title='bbox 289 3391 337 3448; x_wconf 83' lang='lat' dir='ltr'>liic</span> <span class='ocrx_word' id='word_1_269' title='bbox 350 3389 430 3449; x_wconf 83' lang='lat' dir='ltr'>Italis</span> <span class='ocrx_word' id='word_1_270' title='bbox 443 3402 533 3449; x_wconf 89' lang='lat' dir='ltr'>mutat</span> <span class='ocrx_word' id='word_1_271' title='bbox 544 3394 597 3449; x_wconf 91' lang='lat' dir='ltr'>sub</span> <span class='ocrx_word' id='word_1_272' title='bbox 610 3395 669 3451; x_wconf 89' lang='lat' dir='ltr'>sole</span> <span class='ocrx_word' id='word_1_273' title='bbox 677 3393 791 3468; x_wconf 31' lang='lat' dir='ltr'>,recenti</span> <span class='ocrx_word' id='word_1_274' title='bbox 842 3465 845 3468; x_wconf 83' lang='lat'>.</span> 
     </span>
    </p>

    <p class='ocr_par' dir='ltr' id='par_1_39' title="bbox 131 3469 804 3548">
     <span class='ocr_line' id='line_1_42' title="bbox 131 3469 804 3548; baseline -0.003 -19"><span class='ocrx_word' id='word_1_275' title='bbox 131 3472 279 3548; x_wconf 89' lang='lat' dir='ltr'>Rugosum</span> <span class='ocrx_word' id='word_1_276' title='bbox 292 3470 379 3545; x_wconf 90' lang='lat' dir='ltr'>piper,</span> <span class='ocrx_word' id='word_1_277' title='bbox 393 3479 423 3526; x_wconf 90' lang='lat' dir='ltr'>et</span> <span class='ocrx_word' id='word_1_278' title='bbox 435 3469 566 3544; x_wconf 86' lang='lat' dir='ltr'>pallentis</span> <span class='ocrx_word' id='word_1_279' title='bbox 576 3489 665 3548; x_wconf 88' lang='lat' dir='ltr'>grana</span> <span class='ocrx_word' id='word_1_280' title='bbox 679 3471 804 3528; x_wconf 88' lang='lat' dir='ltr'>cumini:</span> 
     </span>
    </p>

    <p class='ocr_par' dir='ltr' id='par_1_40' title="bbox 132 3547 916 3624">
     <span class='ocr_line' id='line_1_43' title="bbox 132 3547 916 3624; baseline -0.004 -17"><span class='ocrx_word' id='word_1_281' title='bbox 132 3551 188 3622; x_wconf 83' lang='lat' dir='ltr'>Hic</span> <span class='ocrx_word' id='word_1_282' title='bbox 202 3559 277 3606; x_wconf 81' lang='lat' dir='ltr'>satur</span> <span class='ocrx_word' id='word_1_283' title='bbox 291 3547 398 3624; x_wconf 88' lang='lat' dir='ltr'>irriguo</span> <span class='ocrx_word' id='word_1_284' title='bbox 410 3547 515 3604; x_wconf 86' lang='lat' dir='ltr'>mavult</span> <span class='ocrx_word' id='word_1_285' title='bbox 528 3557 689 3623; x_wconf 86' lang='lat' dir='ltr'>turgescere</span> <span class='ocrx_word' id='word_1_286' title='bbox 701 3566 815 3605; x_wconf 85' lang='lat' dir='ltr'>somno:</span> <span class='ocrx_word' id='word_1_287' title='bbox 914 3595 916 3598; x_wconf 95' lang='lat'>.</span> 
     </span>
    </p>

    <p class='ocr_par' dir='ltr' id='par_1_41' title="bbox 133 3621 877 3703">
     <span class='ocr_line' id='line_1_44' title="bbox 133 3621 877 3703; baseline -0.003 -19"><span class='ocrx_word' id='word_1_288' title='bbox 133 3621 187 3685; x_wconf 81' lang='lat' dir='ltr'>llic</span> <span class='ocrx_word' id='word_1_289' title='bbox 200 3627 311 3702; x_wconf 83' lang='lat' dir='ltr'>Campo</span> <span class='ocrx_word' id='word_1_290' title='bbox 323 3625 468 3703; x_wconf 85' lang='lat' dir='ltr'>indulget:</span> <span class='ocrx_word' id='word_1_291' title='bbox 490 3626 567 3682; x_wconf 90' lang='lat' dir='ltr'>hunc</span> <span class='ocrx_word' id='word_1_292' title='bbox 582 3625 644 3682; x_wconf 93' lang='lat' dir='ltr'>alea</span> <span class='ocrx_word' id='word_1_293' title='bbox 658 3626 808 3700; x_wconf 85' lang='lat' dir='ltr'>decoquit:</span> <span class='ocrx_word' id='word_1_294' title='bbox 830 3624 877 3688; x_wconf 90' lang='lat' dir='ltr'>ille</span> 
     </span>
    </p>

    <p class='ocr_par' dir='ltr' id='par_1_42' title="bbox 132 3703 959 3817">
     <span class='ocr_line' id='line_1_45' title="bbox 132 3703 959 3817; baseline 0.002 -54"><span class='ocrx_word' id='word_1_295' title='bbox 132 3704 165 3763; x_wconf 94' lang='lat' dir='ltr'>In</span> <span class='ocrx_word' id='word_1_296' title='bbox 177 3704 320 3762; x_wconf 85' lang='lat' dir='ltr'>Venerem</span> <span class='ocrx_word' id='word_1_297' title='bbox 333 3715 377 3774; x_wconf 85' lang='lat' dir='ltr'>est</span> <span class='ocrx_word' id='word_1_298' title='bbox 390 3703 497 3817; x_wconf 67' lang='lat' dir='ltr'>gutris:</span> <span class='ocrx_word' id='word_1_299' title='bbox 518 3703 568 3761; x_wconf 88' lang='lat' dir='ltr'>sed</span> <span class='ocrx_word' id='word_1_300' title='bbox 581 3721 667 3780; x_wconf 92' lang='lat' dir='ltr'>quum</span> <span class='ocrx_word' id='word_1_301' title='bbox 681 3703 809 3778; x_wconf 87' lang='lat' dir='ltr'>lapidosa</span> <span class='ocrx_word' id='word_1_302' title='bbox 822 3705 959 3786; x_wconf 76' lang='lat' dir='ltr'>cheragra</span> 
     </span>
    </p>
   </div>
   <div class='ocr_carea' id='block_1_3' title="bbox 0 0 1324 4186">
    <p class='ocr_par' dir='ltr' id='par_1_43' title="bbox 0 0 1324 4186">
     <span class='ocr_line' id='line_1_46' title="bbox 0 0 1324 4186; baseline 0 0"><span class='ocrx_word' id='word_1_303' title='bbox 0 0 1324 4186; x_wconf 95' lang='lat' dir='ltr'> </span> 
     </span>
    </p>
   </div>
  </div>
 </body>
</html>
