2572 4200
554 233 678 282 SATIRA
694 233 743 284 XI.

160 353 275 434 AEmula
289 373 403 432 Picenis
416 385 444 432 et
457 373 551 434 odoris
564 375 637 432 mals
651 375 782 446 recentis,
852 425 859 438 .

160 453 225 511 Nec
240 453 391 510 metuenda
403 453 464 523 tibi,
478 453 615 509 siccatum
630 453 732 528 frigore
746 463 890 542 postquam

160 533 339 590 Autumnum
353 541 383 587 et
395 499 476 588 crudi
489 529 609 604 posuere
623 530 748 605 pericula
761 531 848 587 succi.

162 609 234 675 Haec
248 609 315 666 olim
331 609 417 665 nostri
429 608 488 682 jam
501 609 644 664 luxuriosa
657 608 773 666 senatuis

161 687 252 744 Coena
268 686 327 742 fuit
368 686 476 742 Curius
478 705 584 760 ,parvo
596 705 659 757 que
672 686 778 767 legerat
792 686 913 757 ιιοιιο,

161 764 227 840 Ipse
239 764 309 821 focis
322 763 453 820 brevibus
466 763 587 840 ponebat
600 750 747 820 oluscula
729 782 813 838 ,que
827 781 906 820 nunc

162 839 335 931 Squalidus
328 859 357 898 ιιι
371 842 475 916 magui
486 841 592 898 fastidit
604 841 741 916 compede
752 841 851 912 fossor,

161 920 223 981 Qui
238 918 375 990 meminit,
389 919 489 978 calide
503 919 592 993 sapiat
605 919 671 992 quid
685 919 768 978 vulva
781 919 900 994 popinre

162 997 240 1054 Sicci
255 1009 333 1072 terga
347 997 414 1068 suis,
428 997 492 1054 rard
504 996 657 1071 pendentia
670 1007 756 1068 crate,

163 1073 252 1132 Moris
265 1086 325 1132 erat
335 1043 477 1149 quoddam
493 1074 571 1131 lestis
584 1092 695 1131 servare
705 1043 816 1146 diebus,

163 1151 200 1211 Et
214 1153 370 1210 natalitium
384 1151 514 1228 cognatis
526 1170 630 1225 ponere
644 1151 763 1222 lardum,

164 1230 329 1288 Accedente
343 1230 426 1300 novi,
433 1230 464 1286 si
478 1247 562 1303 quam
576 1229 661 1286 dabat
676 1197 775 1300 hosua',
789 1247 884 1298 carne.

149 1307 355 1396 'Cognetorum
369 1307 478 1397 aliquis,
493 1306 574 1364 titulo
586 1318 628 1362 ter
642 1275 784 1378 consulis}
777 1320 873 1382 atque

56 1435 59 1441 .
164 1385 347 1442 Castrorum
340 1385 465 1459 imperiis
478 1396 508 1441 et
520 1385 664 1442 dictatoris
678 1387 783 1442 honore

164 1463 302 1534 Functus,
317 1463 351 1520 ad
366 1464 416 1519 has
426 1463 524 1538 epulas
534 1462 615 1519 solito
629 1461 766 1520 maturius
779 1463 847 1533 ibat,

4 1527 6 1590 ζ
83 1603 93 1618 x
164 1539 297 1600 Erectum
312 1541 417 1598 domito
428 1541 552 1598 referens
565 1551 687 1597 amoute
699 1541 833 1615 ligonem.

163 1618 264 1679 Quum
278 1628 430 1678 tremerent
444 1629 538 1674 autern
553 1617 667 1687 Fabios,
681 1619 838 1691 durumque
852 1618 1002 1689 Catonem,

156 1695 201 1752 'Et
215 1697 347 1767 Scauros,
356 1706 385 1764 et
398 1694 554 1765 Fabricios,-
562 1693 703 1768 postremo
717 1714 828 1752 severos

166 1772 301 1830 Censoris
314 1791 406 1830 mores
419 1773 504 1829 etiem
518 1772 628 1846 collega
642 1773 768 1841 timeret;

164 1849 259 1907 Nemo
272 1851 344 1907 iuter
357 1869 440 1906 curas
452 1860 482 1906 et
495 1850 568 1906 seria
581 1849 660 1906 duxit
674 1850 836 1909 habendum

164 1927 268 2000 Qualis
281 1929 311 1985 in
324 1928 425 1986 oceani
436 1926 523 1984 fluctu
538 1927 649 1983 testudo
663 1937 781 1997 nataret,

165 2005 282 2065 Clarum
296 2005 469 2080 Troiugenis
482 2005 590 2060 factura
604 2023 637 2060 ec
650 2004 744 2061 nobile
759 2004 896 2061 fulcrum:

165 2084 223 2140 Sed
238 2083 314 2140 nudo
328 2083 414 2139 latere
427 2093 456 2138 et
468 2082 560 2158 parvis
571 2082 647 2139 frons
661 2100 734 2139 aerea
746 2082 833 2156 lectis,

166 2161 230 2218 Vile
243 2161 369 2218 coronati
383 2171 468 2234 caput
480 2159 648 2216 ostendebat
661 2160 749 2232 uselli,

165 2238 213 2295 Ad
226 2238 300 2312 quod
314 2237 412 2296 lascivi
426 2238 560 2294 ludebant
573 2239 645 2294 ruris
659 2237 773 2295 alumni.

97 2349 100 2352 -
165 2314 253 2372 Tales
263 2313 334 2390 ergd
348 2316 414 2386 cibi,
428 2316 517 2390 qualis
530 2317 631 2372 domus
644 2326 727 2389 atque
744 2314 877 2390 supellex.

164 2391 252 2450 Tunc
265 2395 343 2450 rudis
356 2404 385 2450 et
397 2393 497 2451 Graias
510 2393 610 2450 mirari
618 2395 731 2450 nescius
745 2405 827 2464 artes,

164 2469 289 2528 Urbibus
302 2473 407 2528 eversis
410 2469 609 2546 ,praederum
601 2490 631 2529 ru
645 2471 724 2546 parte
737 2471 887 2546 repertis

165 2546 335 2624 Magnorum
349 2517 488 2606 artillcum
499 2549 649 2624 frangebat
661 2549 762 2627 pocula
776 2549 865 2619 miles,

165 2624 204 2683 Ut
216 2627 339 2701 phaleris
352 2628 488 2702 gauderet
499 2645 598 2700 equus,
612 2618 765 2701 celataque
779 2627 866 2683 cassis

165 2703 314 2760 Romuleae
329 2704 480 2762 simulacra
493 2704 559 2764 ferae
573 2721 770 2760 mansuescere
781 2703 866 2778 justae
908 2723 912 2732 ·
1003 2704 1009 2715 “

149 2781 280 2856 -lmperii
294 2782 361 2853 fato,
375 2783 503 2856 geminos
516 2781 569 2837 sub
583 2800 652 2855 rupe
665 2780 814 2850 Quirinos,

129 2907 132 2918 .
165 2861 212 2918 Ac
225 2861 330 2916 nudam
344 2860 467 2936 effigiem
480 2859 579 2934 clypeo
592 2857 731 2916 venientis
743 2868 772 2914 et
786 2825 867 2914 blasti

165 2937 374 3012 Pendentisque
387 2937 433 2994 dei
436 2937 579 3012 ,perituro
592 2937 755 2993 ostenderet
768 2935 851 2992 hosti.

166 3016 287 3091 Argenti
297 3016 371 3105 quod
385 3026 454 3086 erat,
468 3015 534 3072 solis
548 3013 694 3088 fulgebat
684 3033 715 3070 ιιι
730 3014 825 3070 armis

165 3092 331 3150 Ponebant
324 3093 409 3168 rgitur
424 3060 523 3149 T’usco
537 3093 638 3148 farrata
651 3092 785 3148 catino

165 3169 276 3228 Omnia
284 3180 363 3241 tunc,
377 3171 477 3244 quibus
491 3169 628 3239 invideas,
640 3189 664 3225 sr
656 3169 845 3226 lividulus'
821 3188 868 3226 sis

165 3248 351 3344 Templorum
364 3253 474 3322 quoque
486 3247 616 3322 majestas
630 3247 801 3321 praesentior,
812 3256 841 3305 et
853 3265 907 3305 vox

165 3325 258 3384 Nocte
273 3323 331 3383 fere
346 3325 440 3392 media
442 3325 640 3398 ,mediamque
655 3325 751 3383 eudita
764 3344 813 3399 per
828 3321 944 3394 Urbem,

109 3408 111 3412 ’
165 3402 272 3461 Littore
288 3404 324 3459 ab
337 3401 448 3459 Oceani
458 3402 553 3458 Gallis
561 3402 748 3473 venientibus,
763 3413 792 3458 et
801 3399 847 3458 drs
964 3401 967 3407 ’

165 3473 302 3539 ¹Officium
316 3480 386 3536 rutis
398 3479 610 3555 peragentibus,
624 3479 668 3536 bis
680 3479 791 3537 monuit
805 3497 865 3535 uos.

166 3557 251 3617 Hanc
265 3559 351 3617 rebus
364 3557 452 3614 Latiis
466 3573 563 3612 curam
577 3567 708 3644 prestare
722 3555 829 3612 solebat

165 3635 276 3696 Fictilis
289 3646 318 3692 et
331 3634 409 3712 nullo
422 3633 540 3691 violatus
551 3633 662 3707 Jupiter
676 3651 753 3690 auro

166 3712 220 3772 Ille
233 3714 310 3773 domi
323 3703 404 3770 natas
417 3712 568 3786 nostrique
582 3729 618 3768 ex
630 3711 728 3768 arbore
742 3728 855 3766 mensas
