2572 4200
486 229 488 234 ·
573 211 697 262 sarran
714 211 746 262 v.
771 221 790 282 χ

168 351 313 424 Dicturus,
327 364 459 427 tanquam
473 364 503 410 et
515 353 632 410 diversis
645 353 771 428 partibus
783 353 859 412 orbis

168 430 264 488 Anxia
277 431 413 506 precipiti
428 431 549 488 venisset
567 432 683 511 epistola
696 433 793 506 pinni.

208 509 303 583 Atque
318 509 425 566 utinam
439 509 483 564 his
494 507 588 583 potius
602 510 686 584 nugis
699 521 758 566 tota
772 511 819 567 ille
833 507 958 566 dedisset

166 585 313 662 Tempora
326 587 451 658 sevitie,
464 587 554 643 claras
567 588 669 662 quibus
682 587 797 646 abstulit
811 587 891 660 Urbi,
1091 585 1147 644 150

171 663 349 738 illustresque
363 665 472 722 animas
487 665 611 739 impune,
623 675 652 721 et
665 665 777 722 vindice
792 666 888 724 nullol

168 743 227 799 Sed
245 743 336 817 periit,
350 752 497 817 postquam
511 742 680 803 cerdonibus
694 761 755 800 esse
770 744 912 802 timendus
944 765 949 774 ·

168 819 318 896 Coeperat:
341 820 395 877 boc
408 819 506 877 nocuit
519 819 681 877 Lamiarum
694 821 774 878 cede
791 823 925 880 madenti.

548 1130 705 1189 SATIRA
726 1132 762 1189 V.
785 1167 788 1175 ι

210 1287 242 1342 Si
255 1297 284 1344 te
297 1287 429 1362 propositi
444 1287 568 1349 nondum
583 1288 679 1362 pudet,
694 1299 777 1362 atque
791 1288 892 1346 eadem
905 1301 948 1348 est
961 1306 1053 1362 mens,

168 1363 208 1420 Ut
221 1365 295 1422 bona
309 1383 419 1421 summa
431 1375 524 1440 putes,
537 1365 630 1422 alieni
645 1365 736 1440 vivere
750 1367 857 1440 quadri
869 1385 875 1434 ;

140 1445 149 1460 ⁹
169 1441 202 1498 Si
215 1453 295 1516 potes
309 1442 357 1498 illa
369 1443 436 1518 pati,
450 1459 511 1517 quae
526 1461 580 1498 nec
594 1443 761 1501 Sarmentus
774 1442 885 1518 iniquas

168 1517 291 1576 Caesaris
303 1520 339 1576 ad
353 1539 475 1589 mensas,
490 1539 544 1577 nec
559 1519 620 1576 vilis
631 1521 723 1578 Galba
736 1521 862 1578 tulisset:
912 1564 915 1578 .

168 1596 310 1657 Quamvis
321 1597 413 1672 jurato
426 1608 549 1654 metuam
564 1598 614 1654 tibi
629 1600 744 1655 credere
758 1599 830 1655 testi.

169 1671 277 1732 Ventre
292 1674 361 1731 nihil
375 1674 440 1731 novi
456 1675 599 1750 frugalius.
641 1675 706 1740 Hoc
719 1687 814 1732 tamen
825 1675 917 1752 ipsum

169 1751 317 1810 Desecisse
330 1763 407 1827 puta,
421 1753 494 1828 quod
509 1753 587 1810 inani
598 1753 702 1809 sufficit
713 1754 793 1810 alvo:
929 1805 931 1812 .

169 1827 258 1886 Nulla
271 1829 385 1905 crepido
401 1831 498 1887 vacatl
520 1849 658 1904 nusquam
671 1850 752 1904 pons,
766 1841 795 1886 et
808 1831 909 1904 tegetis
926 1849 990 1907 pars

169 1905 298 1964 Dimidia
310 1907 438 1964 breviori
479 1907 605 1964 Tantine
619 1907 721 1982 injuria
735 1908 845 1964 coenael
1098 1956 1100 1960 .

90 2055 97 2066 ι
161 1982 245 2041 ·Tam
256 1985 354 2061 jejuna
367 1985 464 2052 fames,
485 2003 574 2058 quum
594 1986 638 2060 pol
653 1985 689 2041 sit
703 1985 847 2042 honestius
861 1985 919 2043 illic
1110 1985 1148 2042 10

143 2067 146 2075 ’
169 2061 207 2119 Et
219 2074 349 2133 tremere,
364 2073 392 2120 et
405 2065 500 2120 sordes
514 2063 594 2120 sartis
607 2064 735 2120 mordere
747 2063 865 2126 caninii

208 2140 304 2198 Primo
318 2139 373 2216 fige
388 2141 458 2211 loco,
473 2139 549 2214 qubd
563 2153 594 2198 tu
608 2141 785 2198 discumbere
796 2141 892 2216 jussus

169 2211 335 2275 Mercedem
349 2218 466 2275 solidam
481 2230 605 2276 veterum
619 2218 697 2294 capis
709 2219 873 2276 officiorum.

170 2294 293 2353 Fructus
307 2296 438 2353 amicitiae
452 2315 561 2371 magne
576 2297 676 2353 cibus:
699 2295 817 2371 imputat
831 2299 908 2354 hunc
921 2315 980 2367 rex,

170 2372 216 2443 Et,
233 2374 359 2447 quamvis
373 2393 476 2445 rarum,
490 2385 584 2430 tamen
599 2374 726 2448 imputat.
767 2372 844 2450 Ergo
859 2376 931 2430 duos
944 2382 1007 2448 post
1111 2372 1148 2429 15

170 2451 202 2506 Si
216 2449 298 2508 libuit
311 2469 425 2508 menses
438 2452 600 2527 neglectum
614 2451 752 2508 adhibere
761 2450 904 2524 clientem,

139 2548 143 2558 ¹
170 2527 271 2585 Tertia
285 2548 321 2585 ne
336 2546 425 2586 vacuo
439 2541 561 2586 cessaret
574 2529 684 2586 culcita
692 2529 784 2598 lecto;

169 2603 236 2663 Una
249 2605 346 2678 simus,
361 2606 407 2663 ait.
449 2605 585 2663 Votorum
599 2606 724 2662 summa!
745 2605 827 2666 Quid
840 2603 915 2663 utut
1051 2673 1059 2684 .

168 2682 307 2743 Qusrist
348 2683 443 2740 Habet
456 2684 589 2752 Trebius,
603 2693 714 2757 propter
727 2679 802 2755 quod
815 2699 945 2756 rumpere
959 2693 1090 2736 somnum

169 2759 290 2832 Debeat,
305 2773 333 2818 et
346 2761 447 2838 ligulas
462 2762 613 2830 dimittere,
628 2759 775 2830 sollicitus,
790 2777 828 2815 ne
1110 2755 1150 2811 2⁰

169 2835 246 2895 Tota
260 2839 411 2896 salutatrix<
417 2837 475 2914 jam
489 2839 571 2895 turba
584 2836 724 2911 peregerit
737 2835 833 2894 orbem
884 2901 885 2904 Ἴ

170 2915 319 2988 Sideribus
332 2917 435 2987 dubiis,
451 2928 500 2972 aut
514 2915 561 2973 illo
574 2926 709 2989 tempore,
723 2933 779 2988 quo
792 2932 823 2969 se

169 2991 285 3070 Frigida
300 2994 498 3068 circumagunt
510 2994 583 3068 pigri
597 3010 710 3052 sarraca
731 2991 835 3048 Bootae.

167 3070 273 3131 Qualis
287 3090 370 3128 coena
384 3073 500 3128 tamcnl
533 3070 658 3139 ¹Vinum,
672 3069 747 3142 quod
761 3067 877 3124 succida
890 3063 962 3122 nolit

168 3147 249 3206 Lana
263 3150 320 3224 pati
334 3168 340 3204 :
362 3150 398 3205 de
412 3149 530 3204 convivii
543 3147 705 3220 Corybanta
719 3145 836 3201 videbis.
1111 3136 1153 3195 26

169 3225 187 3280 J
190 3228 270 3302 urgia
283 3227 452 3302 proludunt;
474 3226 524 3282 sed
538 3243 604 3281 mox
620 3234 650 3280 et
663 3223 764 3298 pocula
777 3234 891 3296 torques

169 3305 301 3376 Saucius,
313 3317 342 3362 et
355 3303 440 3360 rubra
453 3304 583 3378 deterges
595 3301 712 3366 ,vulnera
725 3299 836 3373 nappe,

169 3381 247 3440 Inter
262 3403 310 3438 vos
324 3381 434 3457 quoties
447 3382 667 3450 libertorumque
681 3379 823 3434 cohortem

168 3460 270 3536 Pugna
285 3459 446 3534 Saguntini
460 3458 548 3514 servet
561 3454 712 3512 commissa
724 3452 835 3526 lagena.

168 3537 233 3613 lpse
248 3538 380 3614 capillato
394 3535 528 3592 diffusum
542 3531 659 3587 consule
672 3541 759 3606 potat,

167 3615 372 3688 calcatamque
387 3623 464 3670 tenet
478 3608 559 3695 bqllis
573 3607 725 3663 socialibus
739 3621 832 3673 uram,

167 3693 309 3752 cardiaco
322 3709 466 3764 nunquam
478 3686 612 3762 cyathum
627 3684 763 3741 missurus
776 3681 877 3738 amico.
981 3711 983 3716 ι
