2572 4200
138 238 176 296 18
289 237 299 250 ’
429 234 480 281 'D.
495 231 595 302 uultu
612 230 808 280 JUVENADIS

134 375 200 433 Neo
214 375 312 432 melior
325 373 402 431 vultu
406 374 554 464 ,quamvis
567 371 709 448 ignobilis,
724 371 782 430 ibat

135 453 273 525 Rubrius,
287 453 401 510 offensae
416 454 517 510 veteris
530 469 594 509 reus
608 461 691 524 atque
705 451 844 520 tacende,

135 531 173 588 Et
185 542 280 588 tamen
293 531 445 610 improbior
460 531 574 586 satiram
588 529 729 584 scribente
743 495 1123 585 cinaedb.105

135 607 266 666 Montani
279 627 389 682 quoque
404 620 503 664 venter
515 608 595 664 adest
605 606 755 662 abdomine
769 605 882 674 tardus;

135 685 174 742 Et
184 687 325 743 matutino
339 687 445 742 sudans
459 685 609 764 Crispinus
624 702 765 762 amomo,

134 762 325 826 Quantum
301 783 346 820 vix
359 763 488 821 redolent
497 757 557 819 duo
571 762 687 828 limera3
710 739 808 818 saevior
821 761 871 818 illo

135 841 287 934 Pompeius
300 841 379 898 tenui
390 840 504 915 jugulos
517 839 626 929 aperire
640 857 772 908 susurro;

135 918 173 976 Et
175 939 243 994 ,qur
236 919 413 976 'vulturibus
427 918 592 974 servabat
568 935 675 974 viscera
689 916 787 986 Dacis,

136 997 256 1070 Fuscus,
271 997 430 1054 marmorei
446 997 598 1053 meditatus
611 995 709 1070 proelia
723 963 798 1066 villi,

135 1076 173 1133 Et
187 1094 254 1133 cum
268 1075 410 1134 mortifero
423 1075 548 1150 prudens
561 1074 686 1132 Veiento
700 1073 822 1145 Catullo,

133 1152 196 1213 Qui
210 1171 353 1228 nunquam
369 1154 433 1210 visae
447 1151 582 1228 flagrabat
595 1171 689 1209 amore
703 1151 811 1226 puelle,

135 1231 252 1288 Grande
266 1242 296 1288 et
309 1231 496 1306 conspicuum
510 1242 605 1287 nostro
618 1248 731 1304 quoque
745 1240 870 1305 tempore
884 1231 1060 1288 monstrum!

135 1308 238 1364 Caecus
252 1308 378 1364 adulator
381 1308 534 1382 ,dirusque
549 1327 565 1363 a
579 1318 664 1382 ponte
677 1308 798 1378 satelles,
1065 1308 1121 1366 115

136 1384 248 1460 Dignus
263 1353 396 1442 Aricinos
409 1402 456 1472 qur
449 1385 646 1441 'mendicaret
660 1385 695 1440 ad
710 1402 786 1456 axes,

136 1463 307 1536 Blandaque
315 1463 452 1518 devexae
442 1473 562 1538 jactaret
575 1463 653 1522 basia
666 1463 777 1518 rhedae.

136 1541 231 1598 Nemo
244 1537 335 1616 magis
350 1541 498 1598 rhombum
512 1540 636 1614 stupuit:
658 1558 725 1598 nam
739 1540 859 1616 plurima
873 1541 943 1598 dixit

136 1618 172 1675 In
188 1619 287 1674 laevam
302 1637 472 1686 conversus;
494 1628 522 1675 at
536 1619 577 1675 illi
591 1619 688 1674 dextra
698 1617 845 1706 jacebat

136 1697 255 1754 Bellua:
277 1697 318 1752 sic
332 1715 442 1770 pugnas
456 1696 555 1753 Cilicis
568 1696 711 1766 laudabat,
725 1707 754 1752 et
767 1696 850 1768 ictus,
887 1756 890 1764 ,
961 1697 963 1705 ’

136 1774 175 1831 Et
188 1793 299 1850 pegma,
312 1785 341 1832 et
354 1793 455 1848 pueros
469 1774 535 1830 inde
549 1775 585 1830 ad
599 1774 703 1830 velaria
715 1785 816 1849 raptos.

136 1852 203 1911 Non
217 1853 294 1910 cedit
306 1852 447 1910 Veiento:
468 1852 529 1923 sed,
543 1863 574 1910 ut
589 1853 737 1923 fanaticus,
751 1863 836 1911 oestro
941 1891 945 1897 -

136 1929 301 2002 Percussus,
315 1931 443 2002 Bellona,
457 1943 506 1988 tuo
519 1931 635 2001 divinat,
649 1943 687 2002 et,
699 1931 807 2006 Ingens

136 2008 231 2066 Omen
246 2010 343 2080 habes,
357 2009 457 2084 inquit,
471 2009 567 2083 magni
581 2009 705 2082 clarique
719 2008 867 2082 triumphi:

136 2087 249 2162 Regem
263 2086 384 2160 aliquem
398 2089 502 2162 capies,
517 2098 565 2143 aut
579 2087 614 2142 de
628 2098 740 2143 temone
754 2086 891 2146 Britanno

136 2163 258 2222 Excidet
272 2163 445 2240 Aruiragus:
467 2165 616 2240 peregrina
629 2175 676 2220 est
686 2163 778 2220 bellua
789 2182 807 2218 :a
817 2163 910 2220 cernis

136 2242 254 2299 Erectas
269 2243 299 2299 in
313 2251 392 2331 terga
405 2242 512 2298 sudesl
553 2241 618 2298 Hoc
631 2241 721 2298 defuit
735 2260 824 2298 unum

136 2319 277 2390 Fabricio,
291 2320 410 2410 patriam
424 2330 454 2377 ut
468 2320 577 2376 rhombi
591 2331 768 2390 memoraret,
782 2331 810 2376 et
824 2338 921 2376 annos.

135 2397 306 2458 Quidnam·
300 2399 385 2473 igitur
399 2417 499 2454 censes
511 2397 521 2452 l
542 2397 724 2454 conciditurl
761 2367 851 2454 Absit
865 2396 962 2478 abillo

136 2474 270 2532 Dedecus
284 2476 348 2546 hoc,
363 2474 522 2532 Montanus
530 2475 585 2531 ait:
606 2486 678 2532 testa
691 2475 747 2531 alta
760 2486 883 2548 paretur,

136 2552 212 2614 Quae
227 2554 307 2611 tenui
321 2573 401 2610 muro
415 2554 567 2628 spatiosum
581 2553 696 2628 colligat
708 2552 815 2610 orbem.

136 2631 263 2690 Debetur
277 2651 397 2708 magnus
411 2632 514 2708 patine
528 2631 693 2727 subitusque
707 2630 901 2688 Prometheus.

137 2710 277 2786 Argillam
291 2724 374 2800 atque
389 2721 477 2768 rotam
492 2707 577 2769 citiirs
590 2721 753 2787 properate;
775 2709 825 2766 sed
839 2728 875 2766 ex
888 2709 942 2766 hoc

136 2787 301 2865 Tempore
291 2810 360 2865 Jam,
375 2790 471 2846 Caesar
474 2789 572 2879 ,figuli
586 2801 645 2846 tua
649 2801 741 2846 castra
754 2797 913 2862 sequantur.

136 2867 214 2924 Vicit
227 2868 351 2942 digna
327 2886 385 2924 vno
398 2869 546 2924 sententia.
587 2866 713 2924 Noverat
726 2867 772 2924 ille
862 2871 869 2885 ⁰

136 2943 290 3001 Luxuriam
304 2945 413 3019 imperii
428 2953 560 3014 veterem,
574 2956 727 3018 noctesque
740 2943 864 3000 Neronis

136 3021 203 3079 Jam
216 3023 333 3093 medias,
348 3022 487 3096 aliamque
502 3023 615 3093 famem,
626 3041 713 3098 quum
726 3021 823 3096 pulmo
837 3020 961 3080 Falerno

137 3101 267 3168 Arderet.
309 3099 390 3158 Nulli
404 3101 491 3176 major
506 3101 557 3158 fuit
572 3119 639 3156 usus
652 3099 756 3157 edendi

136 3178 319 3256 Tempestate
333 3179 406 3236 meri.
448 3179 558 3236 Circeis
571 3189 638 3235 nata
652 3179 752 3248 forent,
766 3197 803 3234 an

137 3257 293 3315 Lucrinum
309 3259 344 3314 ad
364 3269 473 3329 saxum,
489 3257 672 3332 Rutupinove
685 3257 762 3314 edita
775 3256 863 3316 sundo

136 3336 249 3409 Ostrea,
263 3336 384 3395 callebat
397 3337 487 3412 primo
501 3333 676 3411 deprendere
691 3353 802 3404 morsu;

137 3415 175 3473 Et
188 3415 276 3472 semel
290 3415 417 3491 adspecti
428 3415 505 3474 littus
519 3415 632 3471 dicebat
646 3413 750 3490 echini.

137 3493 278 3568 Surgitur,
289 3511 318 3550 et
332 3495 417 3550 misso
429 3510 560 3569 proceres
573 3493 650 3550 exire
668 3492 803 3568 jubentur
829 3544 836 3560 ,

137 3571 274 3642 Consilio,
288 3591 358 3647 quos
374 3571 514 3630 Albanam
528 3573 587 3628 dux
600 3590 721 3647 magnus
735 3571 765 3628 in
781 3589 876 3630 arcem

138 3647 277 3706 Traxerat
293 3651 434 3721 attonitos,
449 3661 477 3708 et
491 3651 623 3708 festinar’e
637 3661 760 3721 coactos,

138 3725 290 3802 Tanquam
304 3729 340 3786 de
354 3728 445 3786 Cattis
459 3729 563 3802 aliquid
578 3729 717 3803 torvisque
732 3727 897 3802 Sygambris
