<?xml version="1.0" encoding="UTF-8"?>
<!DOCTYPE html PUBLIC "-//W3C//DTD XHTML 1.0 Transitional//EN"
    "http://www.w3.org/TR/xhtml1/DTD/xhtml1-transitional.dtd">
<html xmlns="http://www.w3.org/1999/xhtml" xml:lang="en" lang="en">
 <head>
  <title>
</title>
<meta http-equiv="Content-Type" content="text/html;charset=utf-8" />
  <meta name='ocr-system' content='tesseract 3.04.00' />
  <meta name='ocr-capabilities' content='ocr_page ocr_carea ocr_par ocr_line ocrx_word'/>
</head>
<body>
  <div class='ocr_page' id='page_1' title='image "./decimijuniijuve01levegoog_0012.png"; bbox 0 0 2572 4200; ppageno 0'>
   <div class='ocr_carea' id='block_1_1' title="bbox 128 189 812 266">
    <p class='ocr_par' dir='ltr' id='par_1_1' title="bbox 128 189 812 266">
     <span class='ocr_line' id='line_1_1' title="bbox 128 189 812 266; baseline -0.003 -11"><span class='ocrx_word' id='word_1_1' title='bbox 128 189 160 266; x_wconf 55' lang='lat'><strong>*4</strong></span> <span class='ocrx_word' id='word_1_2' title='bbox 453 205 485 254; x_wconf 83' lang='lat' dir='ltr'><strong>a.</strong></span> <span class='ocrx_word' id='word_1_3' title='bbox 503 203 600 256; x_wconf 77' lang='lat' dir='ltr'><strong>suun</strong></span> <span class='ocrx_word' id='word_1_4' title='bbox 616 203 812 254; x_wconf 72' lang='lat' dir='ltr'><strong>ruvauams</strong></span> 
     </span>
    </p>
   </div>
   <div class='ocr_carea' id='block_1_2' title="bbox 83 346 1012 3786">
    <p class='ocr_par' dir='ltr' id='par_1_2' title="bbox 138 346 871 424">
     <span class='ocr_line' id='line_1_2' title="bbox 138 346 871 424; baseline -0.01 -15"><span class='ocrx_word' id='word_1_5' title='bbox 138 346 323 409; x_wconf 77' lang='lat' dir='ltr'><strong>Quadrantes</strong></span> <span class='ocrx_word' id='word_1_6' title='bbox 336 346 439 406; x_wconf 87' lang='lat' dir='ltr'><strong>lectica</strong></span> <span class='ocrx_word' id='word_1_7' title='bbox 453 349 531 424; x_wconf 88' lang='lat' dir='ltr'><strong>petit,</strong></span> <span class='ocrx_word' id='word_1_8' title='bbox 546 349 725 422; x_wconf 84' lang='lat' dir='ltr'><strong>sequiturque</strong></span> <span class='ocrx_word' id='word_1_9' title='bbox 740 346 871 404; x_wconf 89' lang='lat' dir='ltr'><strong>maritum</strong></span> 
     </span>
    </p>

    <p class='ocr_par' dir='ltr' id='par_1_3' title="bbox 105 423 937 813">
     <span class='ocr_line' id='line_1_3' title="bbox 105 423 900 502; baseline -0.006 -17"><span class='ocrx_word' id='word_1_10' title='bbox 105 447 108 451; x_wconf 89' lang='lat'>·</span> <span class='ocrx_word' id='word_1_11' title='bbox 139 423 298 501; x_wconf 77' lang='lat' dir='ltr'><strong>Languida,</strong></span> <span class='ocrx_word' id='word_1_12' title='bbox 315 426 355 481; x_wconf 89' lang='lat' dir='ltr'><strong>vel</strong></span> <span class='ocrx_word' id='word_1_13' title='bbox 371 445 530 502; x_wconf 70' lang='lat' dir='ltr'><strong>praegnans,</strong></span> <span class='ocrx_word' id='word_1_14' title='bbox 544 438 573 482; x_wconf 91' lang='lat' dir='ltr'><strong>et</strong></span> <span class='ocrx_word' id='word_1_15' title='bbox 586 425 808 482; x_wconf 74' lang='lat' dir='ltr'><strong>circumducitur</strong></span> <span class='ocrx_word' id='word_1_16' title='bbox 822 443 900 482; x_wconf 81' lang='lat' dir='ltr'><strong>uxor.</strong></span> 
     </span>
     <span class='ocr_line' id='line_1_4' title="bbox 140 503 779 578; baseline -0.003 -18"><span class='ocrx_word' id='word_1_17' title='bbox 140 503 200 560; x_wconf 87' lang='lat' dir='ltr'><strong>llic</strong></span> <span class='ocrx_word' id='word_1_18' title='bbox 212 504 281 578; x_wconf 90' lang='lat' dir='ltr'><strong>petit</strong></span> <span class='ocrx_word' id='word_1_19' title='bbox 296 504 415 576; x_wconf 79' lang='lat' dir='ltr'><strong>absenti,</strong></span> <span class='ocrx_word' id='word_1_20' title='bbox 430 505 498 562; x_wconf 80' lang='lat' dir='ltr'><strong>notri</strong></span> <span class='ocrx_word' id='word_1_21' title='bbox 509 505 567 578; x_wconf 82' lang='lat' dir='ltr'><strong>jam</strong></span> <span class='ocrx_word' id='word_1_22' title='bbox 578 504 696 560; x_wconf 87' lang='lat' dir='ltr'><strong>callidus</strong></span> <span class='ocrx_word' id='word_1_23' title='bbox 710 513 779 573; x_wconf 88' lang='lat' dir='ltr'><strong>arte,</strong></span> 
     </span>
     <span class='ocr_line' id='line_1_5' title="bbox 139 580 937 657; baseline -0.003 -19"><span class='ocrx_word' id='word_1_24' title='bbox 139 580 304 638; x_wconf 85' lang='lat' dir='ltr'><strong>Ostendens</strong></span> <span class='ocrx_word' id='word_1_25' title='bbox 319 601 435 638; x_wconf 88' lang='lat' dir='ltr'><strong>vacuam</strong></span> <span class='ocrx_word' id='word_1_26' title='bbox 450 594 479 639; x_wconf 93' lang='lat' dir='ltr'><strong>et</strong></span> <span class='ocrx_word' id='word_1_27' title='bbox 492 582 617 638; x_wconf 83' lang='lat' dir='ltr'><strong>clausam</strong></span> <span class='ocrx_word' id='word_1_28' title='bbox 632 600 682 657; x_wconf 91' lang='lat' dir='ltr'><strong>pro</strong></span> <span class='ocrx_word' id='word_1_29' title='bbox 695 581 779 655; x_wconf 91' lang='lat' dir='ltr'><strong>conju</strong></span> <span class='ocrx_word' id='word_1_30' title='bbox 801 599 816 636; x_wconf 89' lang='lat' dir='ltr'><strong>e</strong></span> <span class='ocrx_word' id='word_1_31' title='bbox 831 581 937 637; x_wconf 89' lang='lat' dir='ltr'><strong>sellam.</strong></span> 
     </span>
     <span class='ocr_line' id='line_1_6' title="bbox 139 599 930 734; baseline 0 -18"><span class='ocrx_word' id='word_1_32' title='bbox 139 659 222 716; x_wconf 84' lang='lat' dir='ltr'><strong>Galla</strong></span> <span class='ocrx_word' id='word_1_33' title='bbox 236 678 299 716; x_wconf 86' lang='lat' dir='ltr'><strong>mea</strong></span> <span class='ocrx_word' id='word_1_34' title='bbox 313 671 364 732; x_wconf 87' lang='lat' dir='ltr'><strong>est,</strong></span> <span class='ocrx_word' id='word_1_35' title='bbox 379 660 478 734; x_wconf 90' lang='lat' dir='ltr'><strong>inquit.</strong></span> <span class='ocrx_word' id='word_1_36' title='bbox 519 658 613 717; x_wconf 76' lang='lat' dir='ltr'><strong>Citius</strong></span> <span class='ocrx_word' id='word_1_37' title='bbox 627 661 744 716; x_wconf 78' lang='lat' dir='ltr'><strong>dimitte.</strong></span> <span class='ocrx_word' id='word_1_38' title='bbox 781 599 930 716; x_wconf 72' lang='lat' dir='ltr'><strong>ltorarist</strong></span> 
     </span>
     <span class='ocr_line' id='line_1_7' title="bbox 141 737 855 813; baseline -0.003 -19"><span class='ocrx_word' id='word_1_39' title='bbox 141 737 250 808; x_wconf 83' lang='lat' dir='ltr'><strong>Profer,</strong></span> <span class='ocrx_word' id='word_1_40' title='bbox 264 737 357 808; x_wconf 87' lang='lat' dir='ltr'><strong>Galla,</strong></span> <span class='ocrx_word' id='word_1_41' title='bbox 372 750 464 813; x_wconf 87' lang='lat' dir='ltr'><strong>caput.</strong></span> <span class='ocrx_word' id='word_1_42' title='bbox 506 737 574 795; x_wconf 91' lang='lat' dir='ltr'><strong>Noli</strong></span> <span class='ocrx_word' id='word_1_43' title='bbox 588 756 704 804; x_wconf 85' lang='lat' dir='ltr'><strong>vexare;</strong></span> <span class='ocrx_word' id='word_1_44' title='bbox 726 737 855 810; x_wconf 84' lang='lat' dir='ltr'><strong>quiescit.</strong></span> 
     </span>
    </p>

    <p class='ocr_par' dir='ltr' id='par_1_4' title="bbox 141 807 938 1204">
     <span class='ocr_line' id='line_1_8' title="bbox 165 807 888 894; baseline 0 -24"><span class='ocrx_word' id='word_1_45' title='bbox 165 807 246 889; x_wconf 69' lang='lat' dir='ltr'><strong>&#39;lpse</strong></span> <span class='ocrx_word' id='word_1_46' title='bbox 261 817 321 872; x_wconf 88' lang='lat' dir='ltr'><strong>dies</strong></span> <span class='ocrx_word' id='word_1_47' title='bbox 335 816 453 890; x_wconf 89' lang='lat' dir='ltr'><strong>pulchro</strong></span> <span class='ocrx_word' id='word_1_48' title='bbox 465 815 647 891; x_wconf 85' lang='lat' dir='ltr'><strong>distinguitur</strong></span> <span class='ocrx_word' id='word_1_49' title='bbox 661 816 760 894; x_wconf 86' lang='lat' dir='ltr'><strong>qrdine</strong></span> <span class='ocrx_word' id='word_1_50' title='bbox 775 833 868 871; x_wconf 88' lang='lat' dir='ltr'><strong>rerum</strong></span> <span class='ocrx_word' id='word_1_51' title='bbox 882 835 888 871; x_wconf 95' lang='lat'><strong>:</strong></span> 
     </span>
     <span class='ocr_line' id='line_1_9' title="bbox 141 892 905 969; baseline 0.003 -20"><span class='ocrx_word' id='word_1_52' title='bbox 141 892 284 968; x_wconf 80' lang='lat' dir='ltr'><strong>Sportula,</strong></span> <span class='ocrx_word' id='word_1_53' title='bbox 299 895 403 950; x_wconf 88' lang='lat' dir='ltr'><strong>deinde</strong></span> <span class='ocrx_word' id='word_1_54' title='bbox 418 894 519 965; x_wconf 86' lang='lat' dir='ltr'><strong>sorum,</strong></span> <span class='ocrx_word' id='word_1_55' title='bbox 532 895 658 969; x_wconf 81' lang='lat' dir='ltr'><strong>jurisque</strong></span> <span class='ocrx_word' id='word_1_56' title='bbox 671 894 777 968; x_wconf 83' lang='lat' dir='ltr'><strong>peritus</strong></span> <span class='ocrx_word' id='word_1_57' title='bbox 793 893 905 968; x_wconf 85' lang='lat' dir='ltr'><strong>Apollo,</strong></span> 
     </span>
     <span class='ocr_line' id='line_1_10' title="bbox 142 971 832 1048; baseline 0.001 -22"><span class='ocrx_word' id='word_1_58' title='bbox 142 972 237 1046; x_wconf 85' lang='lat' dir='ltr'><strong>Atque</strong></span> <span class='ocrx_word' id='word_1_59' title='bbox 251 972 444 1048; x_wconf 80' lang='lat' dir='ltr'><strong>triumphales,</strong></span> <span class='ocrx_word' id='word_1_60' title='bbox 460 973 533 1030; x_wconf 91' lang='lat' dir='ltr'><strong>inter</strong></span> <span class='ocrx_word' id='word_1_61' title='bbox 546 991 615 1047; x_wconf 91' lang='lat' dir='ltr'><strong>quas</strong></span> <span class='ocrx_word' id='word_1_62' title='bbox 629 990 715 1028; x_wconf 90' lang='lat' dir='ltr'><strong>ausus</strong></span> <span class='ocrx_word' id='word_1_63' title='bbox 729 971 832 1027; x_wconf 91' lang='lat' dir='ltr'><strong>habere</strong></span> 
     </span>
     <span class='ocr_line' id='line_1_11' title="bbox 141 1047 938 1126; baseline -0.003 -20"><span class='ocrx_word' id='word_1_64' title='bbox 141 1047 254 1106; x_wconf 82' lang='lat' dir='ltr'><strong>Nescio</strong></span> <span class='ocrx_word' id='word_1_65' title='bbox 263 1051 324 1124; x_wconf 91' lang='lat' dir='ltr'><strong>quis</strong></span> <span class='ocrx_word' id='word_1_66' title='bbox 338 1051 432 1108; x_wconf 88' lang='lat' dir='ltr'><strong>titulos</strong></span> <span class='ocrx_word' id='word_1_67' title='bbox 447 1049 598 1126; x_wconf 82' lang='lat' dir='ltr'><strong>AEgyptius</strong></span> <span class='ocrx_word' id='word_1_68' title='bbox 612 1063 695 1125; x_wconf 87' lang='lat' dir='ltr'><strong>atque</strong></span> <span class='ocrx_word' id='word_1_69' title='bbox 710 1050 938 1122; x_wconf 87' lang='lat' dir='ltr'><strong>Arabarches.-</strong></span> 
     </span>
     <span class='ocr_line' id='line_1_12' title="bbox 142 1127 813 1204; baseline -0.003 -20"><span class='ocrx_word' id='word_1_70' title='bbox 142 1127 297 1201; x_wconf 87' lang='lat' dir='ltr'><strong>Vestibulis</strong></span> <span class='ocrx_word' id='word_1_71' title='bbox 311 1129 416 1186; x_wconf 89' lang='lat' dir='ltr'><strong>abeunt</strong></span> <span class='ocrx_word' id='word_1_72' title='bbox 430 1141 538 1186; x_wconf 86' lang='lat' dir='ltr'><strong>veteres</strong></span> <span class='ocrx_word' id='word_1_73' title='bbox 552 1130 671 1204; x_wconf 88' lang='lat' dir='ltr'><strong>lassique</strong></span> <span class='ocrx_word' id='word_1_74' title='bbox 685 1129 813 1198; x_wconf 88' lang='lat' dir='ltr'><strong>clientes,</strong></span> 
     </span>
    </p>

    <p class='ocr_par' dir='ltr' id='par_1_5' title="bbox 142 1203 1012 1438">
     <span class='ocr_line' id='line_1_13' title="bbox 142 1203 893 1282; baseline -0.001 -20"><span class='ocrx_word' id='word_1_75' title='bbox 142 1203 272 1281; x_wconf 86' lang='lat' dir='ltr'><strong>Votaque</strong></span> <span class='ocrx_word' id='word_1_76' title='bbox 286 1207 440 1281; x_wconf 85' lang='lat' dir='ltr'><strong>deponunt,</strong></span> <span class='ocrx_word' id='word_1_77' title='bbox 454 1227 612 1282; x_wconf 89' lang='lat' dir='ltr'><strong>quanquam</strong></span> <span class='ocrx_word' id='word_1_78' title='bbox 627 1207 790 1282; x_wconf 85' lang='lat' dir='ltr'><strong>longissima</strong></span> <span class='ocrx_word' id='word_1_79' title='bbox 803 1223 893 1262; x_wconf 76' lang='lat' dir='ltr'><strong>orente</strong></span> 
     </span>
     <span class='ocr_line' id='line_1_14' title="bbox 143 1283 1012 1358; baseline 0.001 -19"><span class='ocrx_word' id='word_1_80' title='bbox 143 1285 215 1358; x_wconf 83' lang='lat' dir='ltr'><strong>Spes</strong></span> <span class='ocrx_word' id='word_1_81' title='bbox 229 1286 344 1340; x_wconf 92' lang='lat' dir='ltr'><strong>bomini.</strong></span> <span class='ocrx_word' id='word_1_82' title='bbox 362 1336 364 1340; x_wconf 88' lang='grc'><em>,</em></span> <span class='ocrx_word' id='word_1_83' title='bbox 386 1285 490 1340; x_wconf 87' lang='lat' dir='ltr'><strong>Caules</strong></span> <span class='ocrx_word' id='word_1_84' title='bbox 505 1285 614 1341; x_wconf 88' lang='lat' dir='ltr'><strong>miseris</strong></span> <span class='ocrx_word' id='word_1_85' title='bbox 629 1296 711 1357; x_wconf 91' lang='lat' dir='ltr'><strong>atque</strong></span> <span class='ocrx_word' id='word_1_86' title='bbox 726 1283 800 1358; x_wconf 84' lang='lat' dir='ltr'><strong>ignis</strong></span> <span class='ocrx_word' id='word_1_87' title='bbox 813 1283 959 1341; x_wconf 87' lang='lat' dir='ltr'><strong>emendus.</strong></span> <span class='ocrx_word' id='word_1_88' title='bbox 975 1297 1012 1325; x_wconf 65' lang='lat' dir='ltr'><strong>t·-</strong></span> 
     </span>
     <span class='ocr_line' id='line_1_15' title="bbox 143 1361 813 1438; baseline 0 -21"><span class='ocrx_word' id='word_1_89' title='bbox 143 1361 262 1435; x_wconf 92' lang='lat' dir='ltr'><strong>Optima</strong></span> <span class='ocrx_word' id='word_1_90' title='bbox 276 1362 408 1418; x_wconf 88' lang='lat' dir='ltr'><strong>silvarum</strong></span> <span class='ocrx_word' id='word_1_91' title='bbox 423 1363 530 1419; x_wconf 81' lang='lat' dir='ltr'><strong>interea</strong></span> <span class='ocrx_word' id='word_1_92' title='bbox 544 1363 691 1438; x_wconf 81' lang='lat' dir='ltr'><strong>pelagique</strong></span> <span class='ocrx_word' id='word_1_93' title='bbox 706 1361 813 1419; x_wconf 86' lang='lat' dir='ltr'><strong>vorabit</strong></span> 
     </span>
    </p>

    <p class='ocr_par' dir='ltr' id='par_1_6' title="bbox 138 1439 942 2142">
     <span class='ocr_line' id='line_1_16' title="bbox 143 1439 902 1516; baseline 0 -19"><span class='ocrx_word' id='word_1_94' title='bbox 143 1439 210 1497; x_wconf 85' lang='lat' dir='ltr'><strong>Rex</strong></span> <span class='ocrx_word' id='word_1_95' title='bbox 224 1441 333 1510; x_wconf 89' lang='lat' dir='ltr'><strong>horum,</strong></span> <span class='ocrx_word' id='word_1_96' title='bbox 349 1441 499 1514; x_wconf 86' lang='lat' dir='ltr'><strong>vacuisque</strong></span> <span class='ocrx_word' id='word_1_97' title='bbox 513 1442 580 1498; x_wconf 87' lang='lat' dir='ltr'><strong>toris</strong></span> <span class='ocrx_word' id='word_1_98' title='bbox 593 1439 704 1498; x_wconf 76' lang='lat' dir='ltr'><strong>tanturn</strong></span> <span class='ocrx_word' id='word_1_99' title='bbox 719 1441 777 1516; x_wconf 86' lang='lat' dir='ltr'><strong>ipse</strong></span> <span class='ocrx_word' id='word_1_100' title='bbox 788 1439 902 1514; x_wconf 78' lang='lat' dir='ltr'><strong>jacebit</strong></span> 
     </span>
     <span class='ocr_line' id='line_1_17' title="bbox 142 1513 851 1593; baseline 0 -19"><span class='ocrx_word' id='word_1_101' title='bbox 142 1513 220 1575; x_wconf 89' lang='lat' dir='ltr'><strong>Nam</strong></span> <span class='ocrx_word' id='word_1_102' title='bbox 236 1519 270 1574; x_wconf 91' lang='lat' dir='ltr'><strong>de</strong></span> <span class='ocrx_word' id='word_1_103' title='bbox 285 1530 325 1575; x_wconf 93' lang='lat' dir='ltr'><strong>tot</strong></span> <span class='ocrx_word' id='word_1_104' title='bbox 337 1519 473 1593; x_wconf 83' lang='lat' dir='ltr'><strong>pulchris,</strong></span> <span class='ocrx_word' id='word_1_105' title='bbox 487 1531 516 1576; x_wconf 85' lang='lat' dir='ltr'><strong>et</strong></span> <span class='ocrx_word' id='word_1_106' title='bbox 529 1521 594 1576; x_wconf 89' lang='lat' dir='ltr'><strong>latis</strong></span> <span class='ocrx_word' id='word_1_107' title='bbox 606 1519 733 1590; x_wconf 89' lang='lat' dir='ltr'><strong>urbibus,</strong></span> <span class='ocrx_word' id='word_1_108' title='bbox 751 1529 851 1574; x_wconf 87' lang='lat' dir='ltr'><strong>ettam</strong></span> 
     </span>
     <span class='ocr_line' id='line_1_18' title="bbox 143 1595 832 1673; baseline 0 -21"><span class='ocrx_word' id='word_1_109' title='bbox 143 1595 288 1670; x_wconf 62' lang='lat' dir='ltr'><strong>Antiqua,</strong></span> <span class='ocrx_word' id='word_1_110' title='bbox 304 1595 361 1653; x_wconf 67' lang='lat' dir='ltr'><strong>und</strong></span> <span class='ocrx_word' id='word_1_111' title='bbox 376 1600 529 1654; x_wconf 89' lang='lat' dir='ltr'><strong>comedunt</strong></span> <span class='ocrx_word' id='word_1_112' title='bbox 543 1598 711 1673; x_wconf 90' lang='lat' dir='ltr'><strong>patrimonia</strong></span> <span class='ocrx_word' id='word_1_113' title='bbox 725 1596 832 1653; x_wconf 75' lang='lat' dir='ltr'><strong>mensi.</strong></span> 
     </span>
     <span class='ocr_line' id='line_1_19' title="bbox 138 1670 873 1751; baseline -0.001 -19"><span class='ocrx_word' id='word_1_114' title='bbox 138 1670 248 1732; x_wconf 83' lang='lat' dir='ltr'><strong>Nullus</strong></span> <span class='ocrx_word' id='word_1_115' title='bbox 258 1675 317 1750; x_wconf 88' lang='lat' dir='ltr'><strong>jam</strong></span> <span class='ocrx_word' id='word_1_116' title='bbox 332 1677 469 1751; x_wconf 85' lang='lat' dir='ltr'><strong>parasitus</strong></span> <span class='ocrx_word' id='word_1_117' title='bbox 483 1677 551 1733; x_wconf 86' lang='lat' dir='ltr'><strong>erit!</strong></span> <span class='ocrx_word' id='word_1_118' title='bbox 574 1677 631 1732; x_wconf 89' lang='lat' dir='ltr'><strong>Sed</strong></span> <span class='ocrx_word' id='word_1_119' title='bbox 646 1676 708 1750; x_wconf 88' lang='lat' dir='ltr'><strong>quis</strong></span> <span class='ocrx_word' id='word_1_120' title='bbox 723 1676 793 1732; x_wconf 83' lang='lat' dir='ltr'><strong>serat</strong></span> <span class='ocrx_word' id='word_1_121' title='bbox 807 1675 873 1731; x_wconf 85' lang='lat' dir='ltr'><strong>istas</strong></span> 
     </span>
     <span class='ocr_line' id='line_1_20' title="bbox 144 1753 942 1830; baseline 0.003 -20"><span class='ocrx_word' id='word_1_122' title='bbox 144 1753 277 1810; x_wconf 75' lang='lat' dir='ltr'><strong>Luxuria</strong></span> <span class='ocrx_word' id='word_1_123' title='bbox 292 1755 408 1812; x_wconf 84' lang='lat' dir='ltr'><strong>sordesl</strong></span> <span class='ocrx_word' id='word_1_124' title='bbox 447 1754 567 1815; x_wconf 76' lang='lat' dir='ltr'><strong>Quanta</strong></span> <span class='ocrx_word' id='word_1_125' title='bbox 579 1766 621 1812; x_wconf 90' lang='lat' dir='ltr'><strong>est</strong></span> <span class='ocrx_word' id='word_1_126' title='bbox 635 1756 711 1830; x_wconf 92' lang='lat' dir='ltr'><strong>gula,</strong></span> <span class='ocrx_word' id='word_1_127' title='bbox 724 1773 786 1829; x_wconf 83' lang='lat' dir='ltr'><strong>quae</strong></span> <span class='ocrx_word' id='word_1_128' title='bbox 802 1753 855 1809; x_wconf 90' lang='lat' dir='ltr'><strong>sibi</strong></span> <span class='ocrx_word' id='word_1_129' title='bbox 870 1763 942 1812; x_wconf 81' lang='lat' dir='ltr'><strong>totos</strong></span> 
     </span>
     <span class='ocr_line' id='line_1_21' title="bbox 143 1831 845 1909; baseline -0.003 -20"><span class='ocrx_word' id='word_1_130' title='bbox 143 1831 227 1889; x_wconf 87' lang='lat' dir='ltr'><strong>Ponit</strong></span> <span class='ocrx_word' id='word_1_131' title='bbox 241 1851 331 1908; x_wconf 86' lang='lat' dir='ltr'><strong>apros,</strong></span> <span class='ocrx_word' id='word_1_132' title='bbox 347 1833 449 1890; x_wconf 90' lang='lat' dir='ltr'><strong>animal</strong></span> <span class='ocrx_word' id='word_1_133' title='bbox 464 1845 576 1909; x_wconf 90' lang='lat' dir='ltr'><strong>propter</strong></span> <span class='ocrx_word' id='word_1_134' title='bbox 590 1833 719 1891; x_wconf 88' lang='lat' dir='ltr'><strong>convivia</strong></span> <span class='ocrx_word' id='word_1_135' title='bbox 733 1833 845 1890; x_wconf 90' lang='lat' dir='ltr'><strong>natum!</strong></span> 
     </span>
     <span class='ocr_line' id='line_1_22' title="bbox 143 1910 898 1988; baseline 0 -21"><span class='ocrx_word' id='word_1_136' title='bbox 143 1910 232 1967; x_wconf 88' lang='lat' dir='ltr'><strong>Poena</strong></span> <span class='ocrx_word' id='word_1_137' title='bbox 245 1923 340 1968; x_wconf 88' lang='lat' dir='ltr'><strong>tamen</strong></span> <span class='ocrx_word' id='word_1_138' title='bbox 351 1932 485 1988; x_wconf 71' lang='lat' dir='ltr'><strong>presens,</strong></span> <span class='ocrx_word' id='word_1_139' title='bbox 500 1931 587 1988; x_wconf 89' lang='lat' dir='ltr'><strong>quum</strong></span> <span class='ocrx_word' id='word_1_140' title='bbox 603 1925 633 1969; x_wconf 92' lang='lat' dir='ltr'><strong>tu</strong></span> <span class='ocrx_word' id='word_1_141' title='bbox 648 1913 765 1988; x_wconf 78' lang='lat' dir='ltr'><strong>deponis</strong></span> <span class='ocrx_word' id='word_1_142' title='bbox 779 1911 898 1968; x_wconf 88' lang='lat' dir='ltr'><strong>amictus</strong></span> 
     </span>
     <span class='ocr_line' id='line_1_23' title="bbox 143 1985 910 2067; baseline 0.004 -23"><span class='ocrx_word' id='word_1_143' title='bbox 143 1985 301 2064; x_wconf 85' lang='lat' dir='ltr'><strong>Turgidus,</strong></span> <span class='ocrx_word' id='word_1_144' title='bbox 316 2003 346 2046; x_wconf 91' lang='lat' dir='ltr'><strong>et</strong></span> <span class='ocrx_word' id='word_1_145' title='bbox 358 1992 477 2048; x_wconf 91' lang='lat' dir='ltr'><strong>crudum</strong></span> <span class='ocrx_word' id='word_1_146' title='bbox 492 2009 629 2067; x_wconf 86' lang='lat' dir='ltr'><strong>pavonem</strong></span> <span class='ocrx_word' id='word_1_147' title='bbox 651 1991 680 2046; x_wconf 89' lang='lat' dir='ltr'><strong>in</strong></span> <span class='ocrx_word' id='word_1_148' title='bbox 696 1989 796 2047; x_wconf 85' lang='lat' dir='ltr'><strong>balnea</strong></span> <span class='ocrx_word' id='word_1_149' title='bbox 810 1999 910 2062; x_wconf 83' lang='lat' dir='ltr'><strong>portas.</strong></span> 
     </span>
     <span class='ocr_line' id='line_1_24' title="bbox 143 2065 859 2142; baseline -0.003 -18"><span class='ocrx_word' id='word_1_150' title='bbox 143 2065 223 2125; x_wconf 84' lang='lat' dir='ltr'><strong>Hinc</strong></span> <span class='ocrx_word' id='word_1_151' title='bbox 237 2068 335 2124; x_wconf 70' lang='lat' dir='ltr'><strong>subitae</strong></span> <span class='ocrx_word' id='word_1_152' title='bbox 350 2080 463 2139; x_wconf 89' lang='lat' dir='ltr'><strong>mortes,</strong></span> <span class='ocrx_word' id='word_1_153' title='bbox 478 2079 561 2142; x_wconf 88' lang='lat' dir='ltr'><strong>atque</strong></span> <span class='ocrx_word' id='word_1_154' title='bbox 573 2069 704 2129; x_wconf 87' lang='lat' dir='ltr'><strong>intestata</strong></span> <span class='ocrx_word' id='word_1_155' title='bbox 717 2078 859 2125; x_wconf 86' lang='lat' dir='ltr'><strong>senectus.</strong></span> 
     </span>
    </p>

    <p class='ocr_par' dir='ltr' id='par_1_7' title="bbox 143 2143 872 2220">
     <span class='ocr_line' id='line_1_25' title="bbox 143 2143 872 2220; baseline 0 -18"><span class='ocrx_word' id='word_1_156' title='bbox 143 2143 171 2202; x_wconf 93' lang='lat' dir='ltr'><strong>It</strong></span> <span class='ocrx_word' id='word_1_157' title='bbox 185 2166 266 2216; x_wconf 87' lang='lat' dir='ltr'><strong>nova,</strong></span> <span class='ocrx_word' id='word_1_158' title='bbox 281 2165 336 2202; x_wconf 95' lang='lat' dir='ltr'><strong>nec</strong></span> <span class='ocrx_word' id='word_1_159' title='bbox 350 2147 445 2217; x_wconf 88' lang='lat' dir='ltr'><strong>tristis,</strong></span> <span class='ocrx_word' id='word_1_160' title='bbox 460 2166 509 2220; x_wconf 88' lang='lat' dir='ltr'><strong>per</strong></span> <span class='ocrx_word' id='word_1_161' title='bbox 522 2157 641 2206; x_wconf 86' lang='lat' dir='ltr'><strong>cunctas</strong></span> <span class='ocrx_word' id='word_1_162' title='bbox 653 2146 746 2203; x_wconf 83' lang='lat' dir='ltr'><strong>sabula</strong></span> <span class='ocrx_word' id='word_1_163' title='bbox 761 2163 872 2203; x_wconf 85' lang='lat' dir='ltr'><strong>coenas:</strong></span> 
     </span>
    </p>

    <p class='ocr_par' dir='ltr' id='par_1_8' title="bbox 83 2222 781 2299">
     <span class='ocr_line' id='line_1_26' title="bbox 83 2222 781 2299; baseline 0.003 -19"><span class='ocrx_word' id='word_1_164' title='bbox 83 2292 86 2297; x_wconf 23' lang='grc' dir='ltr'>Ι</span> <span class='ocrx_word' id='word_1_165' title='bbox 142 2222 265 2281; x_wconf 90' lang='lat' dir='ltr'><strong>Ducitur</strong></span> <span class='ocrx_word' id='word_1_166' title='bbox 279 2225 356 2281; x_wconf 88' lang='lat' dir='ltr'><strong>iratis</strong></span> <span class='ocrx_word' id='word_1_167' title='bbox 369 2225 560 2299; x_wconf 85' lang='lat' dir='ltr'><strong>plaudendum</strong></span> <span class='ocrx_word' id='word_1_168' title='bbox 576 2223 661 2280; x_wconf 84' lang='lat' dir='ltr'><strong>fimus</strong></span> <span class='ocrx_word' id='word_1_169' title='bbox 674 2226 781 2282; x_wconf 89' lang='lat' dir='ltr'><strong>amicis.</strong></span> 
     </span>
    </p>

    <p class='ocr_par' dir='ltr' id='par_1_9' title="bbox 141 2301 891 3005">
     <span class='ocr_line' id='line_1_27' title="bbox 182 2301 891 2378; baseline 0.003 -20"><span class='ocrx_word' id='word_1_170' title='bbox 182 2301 232 2359; x_wconf 93' lang='lat' dir='ltr'><strong>Nil</strong></span> <span class='ocrx_word' id='word_1_171' title='bbox 247 2306 300 2359; x_wconf 89' lang='lat' dir='ltr'><strong>erit</strong></span> <span class='ocrx_word' id='word_1_172' title='bbox 313 2303 439 2374; x_wconf 84' lang='lat' dir='ltr'><strong>ulterius,</strong></span> <span class='ocrx_word' id='word_1_173' title='bbox 454 2303 528 2378; x_wconf 91' lang='lat' dir='ltr'><strong>quod</strong></span> <span class='ocrx_word' id='word_1_174' title='bbox 543 2304 645 2359; x_wconf 84' lang='lat' dir='ltr'><strong>uostris</strong></span> <span class='ocrx_word' id='word_1_175' title='bbox 659 2305 784 2360; x_wconf 89' lang='lat' dir='ltr'><strong>moribus</strong></span> <span class='ocrx_word' id='word_1_176' title='bbox 799 2301 891 2370; x_wconf 82' lang='lat' dir='ltr'><strong>addat·</strong></span> 
     </span>
     <span class='ocr_line' id='line_1_28' title="bbox 141 2377 885 2456; baseline -0.001 -18"><span class='ocrx_word' id='word_1_177' title='bbox 141 2377 308 2438; x_wconf 87' lang='lat' dir='ltr'><strong>Posteritas:</strong></span> <span class='ocrx_word' id='word_1_178' title='bbox 330 2382 430 2438; x_wconf 87' lang='lat' dir='ltr'><strong>eadem</strong></span> <span class='ocrx_word' id='word_1_179' title='bbox 446 2382 563 2456; x_wconf 90' lang='lat' dir='ltr'><strong>cupient</strong></span> <span class='ocrx_word' id='word_1_180' title='bbox 576 2381 736 2456; x_wconf 74' lang='lat' dir='ltr'><strong>facientque</strong></span> <span class='ocrx_word' id='word_1_181' title='bbox 753 2383 885 2440; x_wconf 82' lang='lat' dir='ltr'><strong>minores.</strong></span> 
     </span>
     <span class='ocr_line' id='line_1_29' title="bbox 142 2459 870 2536; baseline 0.004 -21"><span class='ocrx_word' id='word_1_182' title='bbox 142 2459 237 2516; x_wconf 90' lang='lat' dir='ltr'><strong>Omne</strong></span> <span class='ocrx_word' id='word_1_183' title='bbox 253 2460 281 2515; x_wconf 94' lang='lat' dir='ltr'><strong>in</strong></span> <span class='ocrx_word' id='word_1_184' title='bbox 293 2459 429 2536; x_wconf 71' lang='lat' dir='ltr'><strong>praecipiti</strong></span> <span class='ocrx_word' id='word_1_185' title='bbox 443 2460 542 2516; x_wconf 85' lang='lat' dir='ltr'><strong>vitium</strong></span> <span class='ocrx_word' id='word_1_186' title='bbox 557 2461 641 2516; x_wconf 89' lang='lat' dir='ltr'><strong>stetit.</strong></span> <span class='ocrx_word' id='word_1_187' title='bbox 684 2460 770 2517; x_wconf 89' lang='lat' dir='ltr'><strong>Utere</strong></span> <span class='ocrx_word' id='word_1_188' title='bbox 785 2463 870 2528; x_wconf 90' lang='lat' dir='ltr'><strong>velis;</strong></span> 
     </span>
     <span class='ocr_line' id='line_1_30' title="bbox 142 2536 863 2614; baseline 0.001 -19"><span class='ocrx_word' id='word_1_189' title='bbox 142 2537 234 2596; x_wconf 84' lang='lat' dir='ltr'><strong>&#39;I&#39;otos</strong></span> <span class='ocrx_word' id='word_1_190' title='bbox 247 2538 340 2614; x_wconf 88' lang='lat' dir='ltr'><strong>pande</strong></span> <span class='ocrx_word' id='word_1_191' title='bbox 354 2538 441 2594; x_wconf 86' lang='lat' dir='ltr'><strong>sinus.</strong></span> <span class='ocrx_word' id='word_1_192' title='bbox 482 2536 571 2595; x_wconf 88' lang='lat' dir='ltr'><strong>Dicas</strong></span> <span class='ocrx_word' id='word_1_193' title='bbox 585 2537 633 2594; x_wconf 92' lang='lat' dir='ltr'><strong>hic</strong></span> <span class='ocrx_word' id='word_1_194' title='bbox 648 2539 772 2610; x_wconf 84' lang='lat' dir='ltr'><strong>forsitan,</strong></span> <span class='ocrx_word' id='word_1_195' title='bbox 788 2542 863 2598; x_wconf 90' lang='lat' dir='ltr'><strong>unde</strong></span> 
     </span>
     <span class='ocr_line' id='line_1_31' title="bbox 142 2615 812 2692; baseline 0.001 -19"><span class='ocrx_word' id='word_1_196' title='bbox 142 2615 294 2691; x_wconf 89' lang='lat' dir='ltr'><strong>Ingenium</strong></span> <span class='ocrx_word' id='word_1_197' title='bbox 310 2635 360 2692; x_wconf 90' lang='lat' dir='ltr'><strong>par</strong></span> <span class='ocrx_word' id='word_1_198' title='bbox 372 2617 516 2674; x_wconf 76' lang='lat' dir='ltr'><strong>material</strong></span> <span class='ocrx_word' id='word_1_199' title='bbox 538 2618 614 2673; x_wconf 92' lang='lat' dir='ltr'><strong>unde</strong></span> <span class='ocrx_word' id='word_1_200' title='bbox 629 2617 676 2673; x_wconf 91' lang='lat' dir='ltr'><strong>illa</strong></span> <span class='ocrx_word' id='word_1_201' title='bbox 689 2617 812 2691; x_wconf 92' lang='lat' dir='ltr'><strong>priorum</strong></span> 
     </span>
     <span class='ocr_line' id='line_1_32' title="bbox 143 2694 869 2770; baseline 0.003 -19"><span class='ocrx_word' id='word_1_202' title='bbox 143 2694 294 2767; x_wconf 70' lang='lat' dir='ltr'><strong>scribendi</strong></span> <span class='ocrx_word' id='word_1_203' title='bbox 307 2697 496 2770; x_wconf 88' lang='lat' dir='ltr'><strong>quodcunque</strong></span> <span class='ocrx_word' id='word_1_204' title='bbox 509 2697 605 2753; x_wconf 90' lang='lat' dir='ltr'><strong>animo</strong></span> <span class='ocrx_word' id='word_1_205' title='bbox 618 2695 754 2770; x_wconf 87' lang='lat' dir='ltr'><strong>flagrante</strong></span> <span class='ocrx_word' id='word_1_206' title='bbox 769 2696 869 2753; x_wconf 82' lang='lat' dir='ltr'><strong>liberet</strong></span> 
     </span>
     <span class='ocr_line' id='line_1_33' title="bbox 142 2772 851 2850; baseline 0.003 -20"><span class='ocrx_word' id='word_1_207' title='bbox 142 2772 327 2849; x_wconf 74' lang='lat' dir='ltr'><strong>Simplicitas,</strong></span> <span class='ocrx_word' id='word_1_208' title='bbox 341 2775 423 2850; x_wconf 88' lang='lat' dir='ltr'><strong>cujus</strong></span> <span class='ocrx_word' id='word_1_209' title='bbox 438 2795 495 2831; x_wconf 89' lang='lat' dir='ltr'><strong>non</strong></span> <span class='ocrx_word' id='word_1_210' title='bbox 510 2775 602 2830; x_wconf 85' lang='lat' dir='ltr'><strong>audeo</strong></span> <span class='ocrx_word' id='word_1_211' title='bbox 615 2775 711 2830; x_wconf 91' lang='lat' dir='ltr'><strong>dicere</strong></span> <span class='ocrx_word' id='word_1_212' title='bbox 725 2776 851 2832; x_wconf 80' lang='lat' dir='ltr'><strong>numeni</strong></span> 
     </span>
     <span class='ocr_line' id='line_1_34' title="bbox 141 2851 846 2927; baseline -0.001 -15"><span class='ocrx_word' id='word_1_213' title='bbox 141 2851 223 2912; x_wconf 78' lang='lat' dir='ltr'><strong>Quid</strong></span> <span class='ocrx_word' id='word_1_214' title='bbox 237 2853 322 2908; x_wconf 86' lang='lat' dir='ltr'><strong>refert</strong></span> <span class='ocrx_word' id='word_1_215' title='bbox 335 2853 420 2909; x_wconf 74' lang='lat' dir='ltr'><strong>dictis</strong></span> <span class='ocrx_word' id='word_1_216' title='bbox 434 2853 563 2927; x_wconf 85' lang='lat' dir='ltr'><strong>ignoscat</strong></span> <span class='ocrx_word' id='word_1_217' title='bbox 576 2851 702 2922; x_wconf 91' lang='lat' dir='ltr'><strong>Mucius,</strong></span> <span class='ocrx_word' id='word_1_218' title='bbox 716 2871 753 2906; x_wconf 95' lang='lat' dir='ltr'><strong>an</strong></span> <span class='ocrx_word' id='word_1_219' title='bbox 767 2854 846 2910; x_wconf 85' lang='lat' dir='ltr'><strong>noul</strong></span> 
     </span>
     <span class='ocr_line' id='line_1_35' title="bbox 141 2929 766 3005; baseline -0.002 -18"><span class='ocrx_word' id='word_1_220' title='bbox 141 2929 221 2987; x_wconf 91' lang='lat' dir='ltr'><strong>Pone</strong></span> <span class='ocrx_word' id='word_1_221' title='bbox 235 2929 430 3005; x_wconf 88' lang='lat' dir='ltr'><strong>Tigellinum:</strong></span> <span class='ocrx_word' id='word_1_222' title='bbox 451 2931 526 2999; x_wconf 79' lang='lat' dir='ltr'><strong>taedrl</strong></span> <span class='ocrx_word' id='word_1_223' title='bbox 541 2930 649 2988; x_wconf 84' lang='lat' dir='ltr'><strong>lucebis</strong></span> <span class='ocrx_word' id='word_1_224' title='bbox 663 2931 693 2986; x_wconf 91' lang='lat' dir='ltr'><strong>iu</strong></span> <span class='ocrx_word' id='word_1_225' title='bbox 708 2931 766 3001; x_wconf 75' lang='lat' dir='ltr'><strong>ille,</strong></span> 
     </span>
    </p>

    <p class='ocr_par' dir='ltr' id='par_1_10' title="bbox 140 3007 844 3082">
     <span class='ocr_line' id='line_1_36' title="bbox 140 3007 844 3082; baseline 0.003 -18"><span class='ocrx_word' id='word_1_226' title='bbox 140 3007 211 3070; x_wconf 72' lang='lat' dir='ltr'><strong>Qua</strong></span> <span class='ocrx_word' id='word_1_227' title='bbox 224 3020 331 3066; x_wconf 85' lang='lat' dir='ltr'><strong>stantes</strong></span> <span class='ocrx_word' id='word_1_228' title='bbox 344 3009 453 3081; x_wconf 84' lang='lat' dir='ltr'><strong>ardent,</strong></span> <span class='ocrx_word' id='word_1_229' title='bbox 467 3009 515 3082; x_wconf 94' lang='lat' dir='ltr'><strong>qui</strong></span> <span class='ocrx_word' id='word_1_230' title='bbox 529 3008 585 3065; x_wconf 85' lang='lat' dir='ltr'><strong>fixo</strong></span> <span class='ocrx_word' id='word_1_231' title='bbox 598 3019 711 3082; x_wconf 88' lang='lat' dir='ltr'><strong>gutture</strong></span> <span class='ocrx_word' id='word_1_232' title='bbox 725 3008 844 3081; x_wconf 86' lang='lat' dir='ltr'><strong>fumant,</strong></span> 
     </span>
    </p>

    <p class='ocr_par' dir='ltr' id='par_1_11' title="bbox 141 3085 743 3144">
     <span class='ocr_line' id='line_1_37' title="bbox 141 3085 743 3144; baseline -0.002 0"><span class='ocrx_word' id='word_1_233' title='bbox 141 3085 179 3144; x_wconf 84' lang='lat' dir='ltr'><strong>Et</strong></span> <span class='ocrx_word' id='word_1_234' title='bbox 192 3086 279 3143; x_wconf 88' lang='lat' dir='ltr'><strong>latum</strong></span> <span class='ocrx_word' id='word_1_235' title='bbox 294 3087 388 3144; x_wconf 71' lang='lat' dir='ltr'><strong>medii</strong></span> <span class='ocrx_word' id='word_1_236' title='bbox 399 3088 509 3144; x_wconf 90' lang='lat' dir='ltr'><strong>sulcum</strong></span> <span class='ocrx_word' id='word_1_237' title='bbox 525 3088 636 3144; x_wconf 88' lang='lat' dir='ltr'><strong>diducis</strong></span> <span class='ocrx_word' id='word_1_238' title='bbox 647 3087 743 3143; x_wconf 68' lang='lat' dir='ltr'><strong>areni.</strong></span> 
     </span>
    </p>

    <p class='ocr_par' dir='ltr' id='par_1_12' title="bbox 139 3163 902 3786">
     <span class='ocr_line' id='line_1_38' title="bbox 140 3163 867 3242; baseline 0.003 -22"><span class='ocrx_word' id='word_1_239' title='bbox 140 3163 203 3226; x_wconf 81' lang='lat' dir='ltr'><strong>Qui</strong></span> <span class='ocrx_word' id='word_1_240' title='bbox 217 3165 294 3222; x_wconf 90' lang='lat' dir='ltr'><strong>dedit</strong></span> <span class='ocrx_word' id='word_1_241' title='bbox 307 3185 376 3242; x_wconf 89' lang='lat' dir='ltr'><strong>ergo</strong></span> <span class='ocrx_word' id='word_1_242' title='bbox 389 3166 479 3222; x_wconf 91' lang='lat' dir='ltr'><strong>tribus</strong></span> <span class='ocrx_word' id='word_1_243' title='bbox 492 3166 599 3240; x_wconf 87' lang='lat' dir='ltr'><strong>patruis</strong></span> <span class='ocrx_word' id='word_1_244' title='bbox 613 3166 735 3235; x_wconf 86' lang='lat' dir='ltr'><strong>aconita,</strong></span> <span class='ocrx_word' id='word_1_245' title='bbox 749 3167 867 3223; x_wconf 85' lang='lat' dir='ltr'><strong>vehatur</strong></span> 
     </span>
     <span class='ocr_line' id='line_1_39' title="bbox 139 3241 857 3318; baseline -0.004 -15"><span class='ocrx_word' id='word_1_246' title='bbox 139 3241 302 3304; x_wconf 79' lang='lat' dir='ltr'><strong>,Pensilibus</strong></span> <span class='ocrx_word' id='word_1_247' title='bbox 314 3244 427 3318; x_wconf 86' lang='lat' dir='ltr'><strong>plumis,</strong></span> <span class='ocrx_word' id='word_1_248' title='bbox 442 3255 526 3318; x_wconf 83' lang='lat' dir='ltr'><strong>atque</strong></span> <span class='ocrx_word' id='word_1_249' title='bbox 541 3243 620 3301; x_wconf 90' lang='lat' dir='ltr'><strong>illinc</strong></span> <span class='ocrx_word' id='word_1_250' title='bbox 633 3244 771 3318; x_wconf 89' lang='lat' dir='ltr'><strong>despiciat</strong></span> <span class='ocrx_word' id='word_1_251' title='bbox 785 3245 857 3300; x_wconf 88' lang='lat' dir='ltr'><strong>nosl</strong></span> 
     </span>
     <span class='ocr_line' id='line_1_40' title="bbox 139 3319 902 3396; baseline 0.004 -21"><span class='ocrx_word' id='word_1_252' title='bbox 139 3319 241 3382; x_wconf 74' lang='lat' dir='ltr'><strong>Quum</strong></span> <span class='ocrx_word' id='word_1_253' title='bbox 256 3321 350 3380; x_wconf 89' lang='lat' dir='ltr'><strong>veniet</strong></span> <span class='ocrx_word' id='word_1_254' title='bbox 363 3320 472 3393; x_wconf 70' lang='lat' dir='ltr'><strong>contra,</strong></span> <span class='ocrx_word' id='word_1_255' title='bbox 487 3322 576 3396; x_wconf 86' lang='lat' dir='ltr'><strong>digito</strong></span> <span class='ocrx_word' id='word_1_256' title='bbox 589 3340 738 3396; x_wconf 88' lang='lat' dir='ltr'><strong>compesce</strong></span> <span class='ocrx_word' id='word_1_257' title='bbox 752 3321 902 3378; x_wconf 89' lang='lat' dir='ltr'><strong>labellum:</strong></span> 
     </span>
     <span class='ocr_line' id='line_1_41' title="bbox 141 3399 822 3474; baseline -0.001 -18"><span class='ocrx_word' id='word_1_258' title='bbox 141 3400 300 3456; x_wconf 79' lang='lat' dir='ltr'><strong>Accusator</strong></span> <span class='ocrx_word' id='word_1_259' title='bbox 315 3401 378 3471; x_wconf 88' lang='lat' dir='ltr'><strong>erit,</strong></span> <span class='ocrx_word' id='word_1_260' title='bbox 392 3401 439 3474; x_wconf 90' lang='lat' dir='ltr'><strong>qui</strong></span> <span class='ocrx_word' id='word_1_261' title='bbox 455 3400 571 3458; x_wconf 85' lang='lat' dir='ltr'><strong>verbum</strong></span> <span class='ocrx_word' id='word_1_262' title='bbox 586 3400 697 3470; x_wconf 84' lang='lat' dir='ltr'><strong>dixerit,</strong></span> <span class='ocrx_word' id='word_1_263' title='bbox 711 3399 758 3455; x_wconf 89' lang='lat' dir='ltr'><strong>hic</strong></span> <span class='ocrx_word' id='word_1_264' title='bbox 771 3411 822 3456; x_wconf 88' lang='lat' dir='ltr'><strong>est.</strong></span> 
     </span>
     <span class='ocr_line' id='line_1_42' title="bbox 141 3477 825 3551; baseline 0 -17"><span class='ocrx_word' id='word_1_265' title='bbox 141 3477 268 3534; x_wconf 79' lang='lat' dir='ltr'><strong>Securus</strong></span> <span class='ocrx_word' id='word_1_266' title='bbox 281 3478 349 3535; x_wconf 82' lang='lat' dir='ltr'><strong>licet</strong></span> <span class='ocrx_word' id='word_1_267' title='bbox 362 3479 476 3536; x_wconf 80' lang='lat' dir='ltr'><strong>AEnean</strong></span> <span class='ocrx_word' id='word_1_268' title='bbox 491 3478 688 3551; x_wconf 85' lang='lat' dir='ltr'><strong>Rutulumque</strong></span> <span class='ocrx_word' id='word_1_269' title='bbox 703 3478 825 3535; x_wconf 80' lang='lat' dir='ltr'><strong>ferocem</strong></span> 
     </span>
     <span class='ocr_line' id='line_1_43' title="bbox 141 3553 898 3632; baseline 0 -20"><span class='ocrx_word' id='word_1_270' title='bbox 141 3553 326 3613; x_wconf 69' lang='lat' dir='ltr'><strong>Committasi</strong></span> <span class='ocrx_word' id='word_1_271' title='bbox 348 3557 418 3613; x_wconf 90' lang='lat' dir='ltr'><strong>nulli</strong></span> <span class='ocrx_word' id='word_1_272' title='bbox 433 3557 526 3632; x_wconf 86' lang='lat' dir='ltr'><strong>gravis</strong></span> <span class='ocrx_word' id='word_1_273' title='bbox 537 3565 581 3612; x_wconf 89' lang='lat' dir='ltr'><strong>est</strong></span> <span class='ocrx_word' id='word_1_274' title='bbox 594 3573 744 3630; x_wconf 88' lang='lat' dir='ltr'><strong>percussus</strong></span> <span class='ocrx_word' id='word_1_275' title='bbox 759 3555 898 3628; x_wconf 80' lang='lat' dir='ltr'><strong>Achilles,</strong></span> 
     </span>
     <span class='ocr_line' id='line_1_44' title="bbox 141 3631 893 3709; baseline 0 -17"><span class='ocrx_word' id='word_1_276' title='bbox 141 3632 201 3692; x_wconf 75' lang='lat' dir='ltr'><strong>Aut</strong></span> <span class='ocrx_word' id='word_1_277' title='bbox 216 3631 337 3690; x_wconf 79' lang='lat' dir='ltr'><strong>multum</strong></span> <span class='ocrx_word' id='word_1_278' title='bbox 350 3636 484 3708; x_wconf 74' lang='lat' dir='ltr'><strong>quesitus</strong></span> <span class='ocrx_word' id='word_1_279' title='bbox 498 3635 588 3709; x_wconf 88' lang='lat' dir='ltr'><strong>Hylas</strong></span> <span class='ocrx_word' id='word_1_280' title='bbox 601 3652 757 3708; x_wconf 88' lang='lat' dir='ltr'><strong>urnamque</strong></span> <span class='ocrx_word' id='word_1_281' title='bbox 771 3643 893 3692; x_wconf 79' lang='lat' dir='ltr'><strong>secutus</strong></span> 
     </span>
     <span class='ocr_line' id='line_1_45' title="bbox 143 3709 803 3786; baseline 0.002 -18"><span class='ocrx_word' id='word_1_282' title='bbox 143 3709 221 3768; x_wconf 79' lang='lat' dir='ltr'><strong>Ense</strong></span> <span class='ocrx_word' id='word_1_283' title='bbox 234 3711 309 3769; x_wconf 85' lang='lat' dir='ltr'><strong>velut</strong></span> <span class='ocrx_word' id='word_1_284' title='bbox 322 3712 421 3769; x_wconf 77' lang='lat' dir='ltr'><strong>stricto</strong></span> <span class='ocrx_word' id='word_1_285' title='bbox 433 3714 544 3786; x_wconf 81' lang='lat' dir='ltr'><strong>quoties</strong></span> <span class='ocrx_word' id='word_1_286' title='bbox 558 3711 686 3770; x_wconf 87' lang='lat' dir='ltr'><strong>Lucilius</strong></span> <span class='ocrx_word' id='word_1_287' title='bbox 701 3714 803 3769; x_wconf 88' lang='lat' dir='ltr'><strong>ardens</strong></span> 
     </span>
    </p>
   </div>
   <div class='ocr_carea' id='block_1_3' title="bbox 1069 893 1129 951">
    <p class='ocr_par' dir='ltr' id='par_1_13' title="bbox 1069 893 1129 951">
     <span class='ocr_line' id='line_1_46' title="bbox 1069 893 1129 951; baseline 0 -1"><span class='ocrx_word' id='word_1_288' title='bbox 1069 893 1129 951; x_wconf 80' lang='lat'><strong>120</strong></span> 
     </span>
    </p>
   </div>
   <div class='ocr_carea' id='block_1_4' title="bbox 0 0 1290 4200">
    <p class='ocr_par' dir='ltr' id='par_1_14' title="bbox 0 0 1290 4200">
     <span class='ocr_line' id='line_1_47' title="bbox 0 0 1290 4200; baseline 0 0"><span class='ocrx_word' id='word_1_289' title='bbox 0 0 1290 4200; x_wconf 95' lang='lat' dir='ltr'><strong> </strong></span> 
     </span>
    </p>
   </div>
  </div>
 </body>
</html>
