2614 4186
169 221 227 280 ΒΨ
467 221 512 268 Ἰ).
529 220 628 270 JUNll
644 221 839 270 JUVENALIS

166 361 254 422 Quod
269 359 378 436 Tagus,
392 372 421 418 et
433 362 518 418 rutila
531 363 615 420 vobit
629 363 760 420 Pactolus
774 362 870 435 areni,

168 437 284 513 Frigida
297 439 438 496 sufficient
453 439 576 496 velantes
589 441 707 515 inguina
719 440 816 514 panni,
1087 441 1155 514 ,8⁰⁰

168 515 351 591 Exiguusque
365 516 456 587 cibus,
472 517 564 573 mersa
577 528 636 574 rate
652 517 804 592 narhagus
818 535 910 574 assem

169 592 247 649 Dum
262 604 352 668 rogat,
366 605 395 650 et
408 593 485 668 piore
498 613 530 650 se
542 596 711 668 tempestate
722 605 824 652 tuetur.

168 670 271 727 Tantis
284 682 364 746 parta
378 672 458 727 malis
471 672 540 728 curfi
554 672 659 747 majore
668 682 799 745 metuque

171 747 333 804 Servantur.
374 746 481 806 Misera
494 761 538 806 est
552 749 648 824 magui
661 750 790 806 custodia
803 749 915 807 censius.
986 777 988 780 ’
1112 773 1115 780 ’

208 824 505 901 Dispositispraedives
518 827 609 882 ramis
623 827 737 902 vigilare
751 813 895 884 colorem
1093 829 1154 886 sos

170 903 319 973 Servorum
334 914 421 960 noctu
434 903 552 960 Licinus
562 904 652 980 jubet,
667 903 802 961 attonitus
814 920 880 982 pro¹

168 979 292 1052 Electro,
306 980 449 1055 signisque
459 981 532 1052 suis,
546 982 725 1056 Phrygiique
738 981 883 1053 columns,

169 1059 264 1132 Atque
278 1059 373 1128 ebore,
386 1068 415 1114 et
428 1058 485 1114 lara
498 1059 649 1116 testudine.
690 1058 776 1116 Delia
788 1059 857 1116 nudi
961 1117 964 1120 .
1007 1083 1014 1088 ·

169 1135 235 1192 Non
251 1135 350 1192 ardent
364 1135 483 1210 Cynici:
501 1137 527 1193 si
541 1137 665 1212 fregeris,
680 1137 768 1193 altera
781 1135 830 1194 het

162 1211 241 1268 'Cras
254 1214 365 1284 domus,
380 1225 428 1270 aut
441 1215 547 1270 eadem.
555 1215 670 1289 plumbo
681 1215 832 1272 commissa
845 1214 979 1272 manebit.
1092 1216 1153 1273 310

170 1289 266 1346 Sensit
278 1290 451 1362 Alexander,
465 1291 537 1348 testa
550 1311 637 1366 quum
650 1293 721 1348 vidit
733 1292 762 1348 in
777 1291 824 1348 illu
926 1334 929 1344 ,

169 1365 308 1440 Magnum
323 1368 517 1439 habitatorem,
530 1358 635 1443 quanto
649 1369 755 1426 felicior
770 1369 826 1439 hic,
839 1369 887 1442 qui

169 1443 218 1500 Nil
233 1456 358 1518 cuperet,
372 1443 455 1518 quam
470 1446 517 1518 qui
531 1456 620 1502 totum
633 1446 686 1502 sibi
700 1457 829 1521 posceret
841 1446 949 1519 orbem,

169 1521 305 1577 Passurus
318 1523 404 1596 gestis
420 1523 557 1596 aequanda
566 1523 693 1598 pericula
706 1522 797 1580 rebus.

168 1598 287 1654 Nullum
302 1618 408 1655 numen
424 1601 520 1671 habes,
532 1602 555 1656 si
570 1601 605 1657 sit
618 1601 785 1676 prudentia:
807 1611 912 1673 noste,
1088 1602 1151 1660 315

168 1675 231 1732 Nos
245 1677 373 1748 facimus,
388 1675 639 1749 Fortuna,‘Deam.
681 1677 820 1734 Mensura
833 1689 929 1755 tamen
943 1697 1006 1755 quae

169 1752 298 1810 Sufficiat
308 1755 421 1826 censhs,
435 1754 459 1811 si
472 1755 535 1829 quis
548 1775 595 1812 me
608 1757 748 1826 consulat,
762 1757 844 1812 edam
858 1776 865 1812 ε

168 1831 203 1888 ln
218 1843 352 1906 quantum
364 1833 423 1889 sitis
437 1845 522 1907 atque
535 1835 622 1892 sames
635 1845 664 1890 et
677 1835 780 1909 frigora
793 1844 923 1908 poscunt,

167 1909 328 1981 Quantum,
343 1909 476 1985 Epicure,
490 1912 541 1968 tibi
554 1914 647 1988 parvis
660 1911 772 1968 suffecit
786 1912 814 1967 in
830 1911 928 1984 hortis,

98 2011 110 2016 ·
167 1987 317 2047 Quantum
333 1989 470 2045 Socratici
485 2002 621 2066 ceperunt
635 1987 700 2046 antd
715 2002 840 2064 penates.
1092 1989 1153 2046 320

167 2064 321 2139 Nunquam
339 2066 416 2122 aliud
431 2065 460 2121 N
464 2077 552 2139 atura,
567 2069 642 2130 aliud
658 2067 804 2144 Sapientia
817 2065 887 2124 dicit

167 2142 292 2198 Acribus
305 2143 440 2218 exemplis
454 2145 549 2200 videor
563 2157 590 2202 te
604 2145 744 2210 claudere.
785 2143 876 2200 Misce

167 2218 244 2294 Ergd
257 2221 361 2294 aliquid
377 2221 479 2277 nostris
492 2223 528 2277 de
542 2222 681 2284 moribus:
702 2223 783 2280 effice
798 2239 947 2292 summam,

167 2297 216 2355 Bis
229 2309 337 2372 septem
350 2299 498 2354 ordinibus
511 2319 593 2372 quam
608 2301 654 2356 lex
668 2300 801 2374 dignatur
814 2299 944 2356 Othonis.

1290 1245 1293 1334 l

167 2373 241 2429 Haec
255 2393 364 2448 quoque
379 2375 401 2430 si
416 2388 513 2450 rugam·
528 2377 622 2448 trahit,
635 2378 818 2450 extenditque
832 2377 982 2447 labellum;
1091 2377 1152 2435 325
1225 2394 1228 2398 ·
1292 2339 1293 2358 ἶ

167 2452 256 2507 Sume
270 2453 341 2508 duos
353 2451 480 2526 Equites,
495 2453 539 2510 fac
553 2455 635 2510 tertia
648 2455 862 2528 quadringenta.

167 2527 198 2584 Si
213 2529 338 2585 nondum
355 2529 466 2604 implevi
479 2531 628 2605 gremium,
641 2531 664 2587 si
678 2531 811 2606 panditur
822 2529 912 2588 ultrd:

166 2604 231 2662 Nec
245 2605 336 2662 Croesi
351 2608 461 2665 fortuna
475 2627 598 2683 unquam
612 2627 667 2666 nec
681 2609 795 2667 Persica
808 2627 897 2684 regna

167 2682 315 2741 Sufficient
328 2685 433 2757 animo,
444 2705 499 2742 uec
512 2687 615 2744 divitiae
630 2688 771 2758 Narcissi,

82 2788 88 2798 ·
135 2759 141 2766 ”
166 2760 289 2818 Indulsit
301 2762 398 2819 Caesar
413 2764 460 2820 cui
474 2763 612 2822 Claudius
624 2766 730 2836 omnia,
745 2765 830 2840 cujus

165 2838 264 2895 Paruit
277 2839 412 2914 imperiis,
426 2859 543 2898 uxorem
556 2843 688 2900 occidere
699 2844 805 2919 jussus.

536 3148 692 3208 SATIRA
714 3148 781 3208 XV.

205 3302 285 3364 Qurs
300 3305 401 3376 nescit,
415 3305 515 3362 Volusi
529 3305 688 3380 Bithynice,
701 3306 795 3382 qualia
808 3307 938 3366 demens·

166 3381 307 3456 AEgyptus
320 3393 449 3458 portenta
462 3383 557 3441 oolatl
596 3383 767 3440 Crocodilon
782 3386 893 3442 adorat'

166 3459 235 3514 Pars
249 3460 326 3531 haec;
348 3460 394 3529 illa
407 3472 489 3535 pavet
503 3472 626 3519 saturam
640 3462 817 3538 serpentibus
830 3463 898 3520 ibin.

167 3534 283 3608 Effigies
296 3539 368 3594 sacri
382 3539 453 3596 nitet
466 3557 552 3596 aurea
564 3539 764 3614 cercopitheci,

166 3611 292 3669 Dimidio
306 3616 423 3690 magicae
437 3628 570 3674 resonant
583 3617 631 3673 ubi
643 3616 796 3674 Memnone
811 3616 935 3691 chordas,
1129 3619 1152 3678 ὅ

167 3689 260 3763 Atque
275 3701 354 3747 vetus
368 3690 470 3764 Thebe
484 3695 599 3753 centurn
611 3695 687 3772 jacet
699 3696 800 3752 obruta
811 3695 906 3770 portis.
