2614 4186
534 229 658 282 SATlR'A
676 231 751 280 XVI.

55 365 59 371 ’
148 375 283 464 Sidepe..
295 373 364 433 Plus
377 372 483 434 etenim
498 372 546 432 fati
560 372 634 430 valet
685 393 717 430 ra
731 372 858 448 benigni,

146 451 283 516 Quum·
261 470 284 509 st
305 465 358 510 nos
378 451 501 510 Veneris
514 445 645 510 commen
667 451 826 528 etepistola
839 451 964 523 Marti,

147 532 187 594 lh
200 530 298 588 Samia
312 530 434 605 genitrix
448 548 510 604 quae
525 530 680 588 delectatur
693 529 789 587 ueni.

186 609 345 669 Commoda
358 617 512 666 tractemus
524 605 647 682 primitus
661 607 834 679 communia,
848 625 968 682 quorum

147 687 234 746 Haud
249 686 399 744 minimum
412 685 481 758 illud
495 686 558 756 erit,
572 702 610 742 ne
622 696 650 742 te
664 683 776 760 pulsare
786 697 907 762 togatus·

148 767 280 832 Audeat3
303 765 398 836 immo,
412 765 465 821 etsi
479 765 615 838 pulsetur,
629 763 796 836 dissimulet,
811 783 866 822 nec
898 823 902 831 ,

148 845 262 906 Audeat
275 861 408 902 excussos
422 841 539 900 Praetori
549 842 698 900 ostendere
712 843 821 914 dentes,

148 922 187 985 Et
200 922 310 998 nigram
326 921 355 977 in
370 919 442 978 secie
456 921 572 978 tumidis
585 920 719 978 livoribus
732 920 827 992 offam,

149 1003 243 1076 Atque
256 999 371 1058 οοιιιιιιιι
381 999 496 1056 medico
513 999 553 1055 nil
568 998 747 1074 promittente
760 967 899 1058 relictum
935 1006 950 1014 '⁴

149 1077 306 1136 Bardaicus
317 1077 405 1154 judex
419 1077 501 1134 datur
516 1079 578 1134 hato
593 1076 694 1151 punire
708 1075 812 1135 volenti

149 1157 281 1228 Calceus,
295 1167 324 1212 st
337 1157 460 1245 grandes
473 1173 577 1230 magne
591 1155 627 1212 ad
641 1151 775 1212 subsellia
788 1173 872 1227 surse,

150 1235 275 1312 legibus
288 1235 411 1308 antiquis
425 1244 581 1290 castrorum
605 1244 633 1290 et
647 1251 724 1292 ruore
739 1231 853 1292 Camilli

151 1313 277 1384 Strato,
293 1312 372 1369 miles
386 1331 423 1368 ne
437 1311 540 1370 vallum
551 1311 645 1386 litiget
658 1323 738 1370 extra

151 1391 188 1449 Et
201 1391 298 1466 procul
313 1390 440 1466 asignia
452 1389 500 1454 J
503 1390 643 1446 ustrssrnra
658 1379 866 1448 Centurionum

150 1470 296 1560 Cognitio-
299 1481 342 1526 est
356 1469 441 1544 igitur
455 1457 491 1525 de
503 1467 610 1536 milite3
631 1487 687 1524 nee
701 1468 770 1525 milri
784 1469 879 1526 deerit

150 1548 272 1619 Ulti0,'
251 1568 274 1605 ει
286 1548 368 1622 juste
383 1547 506 1604 defertur
520 1566 607 1604 causa
619 1547 750 1621 querelae.

151 1623 229 1684 Tota
241 1627 342 1684 cohors
355 1636 451 1682 tamen
465 1636 508 1682 cst
522 1626 637 1682 inimica
640 1643 815 1700 ,omnesque
830 1625 946 1700 manipli

151 1705 301 1762 Consensu
317 1721 420 1792 magno
434 1703 571 1774 efficiunt,
587 1703 720 1760 curabilis
734 1713 765 1760 ut
778 1704 814 1761 sit
895 1721 896 1724 ’

151 1780 287 1840 Vindicta
300 1793 329 1839 et
343 1782 462 1856 gravior,
476 1779 582 1856 quim
576 1781 685 1856 injuria.
727 1779 856 1856 Dignum
869 1781 922 1838 erit
935 1777 1004 1856 ergo

151 1860 355 1918 Declarnatoris
370 1859 477 1916 mulino
490 1860 574 1916 corde
589 1858 712 1934 Vagclli,

150 1939 251 2001 Quum
265 1940 322 1996 duo
335 1955 418 1995 crura
432 1938 546 2008 habeaS,
560 1938 703 1994 offendere
716 1947 757 1995 tot
770 1935 886 2012 caligas,
901 1947 940 1994 tot
1022 1989 1024 1992 .

152 2013 244 2076 Millia
257 2017 408 2093 olqururn.
449 2015 525 2076 Quis
539 2027 596 2072 tarn
610 2015 707 2092 procul
722 2015 795 2072 absit
808 2015 845 2071 ab
858 2013 958 2072 Urbel

151 2094 367 2169 Praetereaquis
381 2106 438 2151 tam
453 2094 581 2167 Pylades,
595 2095 697 2151 molem
712 2094 823 2169 aggeris
837 2093 909 2151 ultra

143 2173 190 2234 vUt
203 2174 315 2231 veniatl
336 2173 468 2247 lacrymae
482 2173 624 2229 siccentur
637 2173 781 2247 proteum,
796 2183 826 2229 et
839 2191 869 2229 se

151 2251 344 2309 Excusaturos
358 2270 415 2307 non
431 2251 615 2308 sollicitemus
628 2251 749 2308 amicos,
803 2302 807 2306 ,

152 2329 199 2387 Da
213 2338 324 2401 testem,
336 2329 425 2405 judex
439 2347 526 2402 quum
540 2329 658 2387 dixerit:
680 2326 784 2388 audeat
798 2328 855 2400 ille,

152 2407 261 2466 Nescio
274 2409 347 2483 quis,
361 2425 471 2482 pugnos
485 2408 532 2482 qui
548 2407 624 2480 vidit,
640 2407 746 2478 dicere,
762 2407 829 2464 Vidi
841 2409 853 2464 l

152 2486 190 2544 Et
204 2488 318 2544 credam
334 2486 452 2560 dignum
467 2486 564 2558 barbi,
579 2487 758 2562 dignumque¹
767 2485 876 2561 capillis

153 2564 303 2641 Majorunr.
344 2562 438 2622 Citius
452 2564 552 2621 falsum
566 2565 722 2639 producere
736 2575 834 2620 testem

152 2642 260 2701 Contra
273 2661 414 2718 paganum
429 2641 528 2718 possis,
543 2641 628 2716 quim
642 2661 709 2698 vera
721 2641 882 2715 loquentem

152 2720 260 2787 Contra
274 2722 413 2778 fortunam
427 2721 536 2792 armati,
552 2731 703 2794 contraque
717 2719 862 2796 pudorem.

152 2799 273 2856 Premis
286 2817 364 2854 nuno
378 2798 442 2870 alia,
454 2809 536 2872 atque
550 2797 605 2855 alia
618 2797 809 2856 emolumenta
823 2808 955 2854 notemus

153 2879 411 2945 Sacramentorurn
452 2876 618 2933 Convellern
634 2876 706 2932 ruris
718 2875 784 2932 aviti
837 2904 846 2921 ·

153 2953 311 3031 improbus,
325 2965 374 3012 aut
387 2973 518 3029 campum
533 2955 602 3011 mihi
617 2955 641 3010 si
654 2953 765 3023 ricinus
779 2954 883 3012 ademit

153 3033 191 3090 Et
204 3051 316 3090 sacrum
330 3031 427 3090 effodit
441 3033 535 3091 medio
548 3034 583 3090 de
597 3033 686 3090 limite
700 3051 812 3103 saxum,

151 3109 240 3171 Quod
255 3129 317 3168 mea
330 3128 396 3166 cunr
410 3111 503 3168 vetulo
517 3111 604 3168 coluit
618 3111 680 3186 puls
693 3129 790 3167 annua
802 3110 875 3179 libo;

152 3187 271 3246 Debitor
286 3199 334 3246 aut
348 3199 473 3263 sumptos
486 3188 577 3264 pergit
591 3208 648 3246 ιιοιι
662 3189 781 3246 reddere
794 3205 935 3259 nummos,

152 3266 236 3324 Vana
249 3283 415 3342 supervamr
407 3265 528 3323 dicens
538 3267 725 3343 chirographa
737 3265 824 3342 ligni:

89 3377 90 3382 ι
152 3343 367 3420 Exspectandus
380 3343 433 3400 crit
435 3361 504 3417 ,qur
497 3331 581 3400 lites
595 3343 718 3415 inchoet,
733 3363 825 3402 annua

152 3421 256 3481 Totius
269 3421 385 3498 populi:
406 3421 457 3478 sed
470 3431 540 3478 tunc
554 3441 664 3496 quoque
679 3389 755 3479 mille
771 3421 888 3479 ferenda

153 3499 265 3572 Taedia,
280 3499 356 3557 mille
371 3515 475 3567 morae3
496 3499 579 3556 toties
593 3499 726 3557 subsellia
740 3495 851 3556 tantirm

154 3546 346 3646 Sternuntur;
365 3577 423 3652 jam
438 3541 562 3634 falrundo
576 3588 700 3652 ponente
712 3576 842 3633 lacernas

152 3655 292 3727 Caedicio,
306 3666 335 3712 et
349 3653 464 3712 Fusco
454 3673 512 3729 jam
527 3653 717 3726 micturiente,
732 3653 822 3730 parati

152 3734 347 3812 Digredimur,
361 3733 493 3808 {cunque
506 3732 558 3790 fori
572 3750 733 3809 pugnamus
746 3731 840 3788 arena.

1094 233 1134 294 m
1149 309 1151 316 ,

1090 417 1093 422 ’
1114 454 1134 508 s

1102 1234 1136 1291 ld

1097 1627 1138 1683 20

1096 2015 1137 2072 25

1099 2409 1150 2465 au·

1099 2801 1139 2856 35

1019 3147 1140 3246 ἰο
