2572 4200
543 198 667 247 samm
684 199 732 248 xr.
1086 205 1124 262 el

141 339 203 402 Qui
218 339 339 416 spatium
353 339 417 398 vite
431 350 590 398 extremum
605 340 679 400 inter
694 359 812 398 munera
824 353 912 417 ponat

142 416 271 491 Naturae,
286 419 334 493 qui
348 415 420 476 serre
435 428 520 492 queat
533 437 716 493 quoscunque
730 419 850 492 labores,
1066 419 1126 477 335

90 502 92 505 ’
141 492 262 553 Nesciat
275 495 370 568 irasci,
384 497 479 572 cupiat
493 495 573 566 nihil,
587 507 616 554 et
630 498 751 572 potiores

142 573 277 631 Herculis
292 592 431 630 aerumuas
445 575 543 632 credat
552 593 694 649 saevosque
703 575 814 632 labores

143 651 180 708 Et
193 652 318 722 Venere,
333 663 362 709 et
375 653 475 722 crenis,
490 663 518 710 et
531 651 628 727 plume
642 653 836 729 Sardanapali.

142 729 279 801 Monstro,
294 731 368 804 quod
383 731 442 806 ipse
456 731 506 788 tibi
519 731 609 806 possis
623 731 707 788 dare:
729 731 830 790 semita
844 729 924 789 certd'

142 807 317 882 Tranquillae
332 827 381 884 per
396 809 526 865 virtutem
539 820 616 884 patet
629 810 715 866 unica
728 809 799 866 vita.
855 874 858 878 ,
1067 808 1126 866 340

142 884 262 942 Nullum
276 905 381 944 numen
395 887 494 958 habes,
508 887 532 943 si
546 887 582 947 sit
595 887 763 962 prudentia:
785 907 837 956 nos
851 899 889 960 te,
929 957 932 966 Ι

141 961 203 1022 Nos
217 963 346 1038 facimus,
359 964 496 1038 Fortuna,
510 964 612 1037 Deam,
626 965 752 1040 ooeloque
766 965 902 1023 locamus.

489 1326 750 1430 'sternant
780 1413 782 1420 ,
827 1361 829 1366 ’

181 1514 318 1572 Armene
332 1511 437 1572 eximie
452 1514 476 1573 si
490 1527 594 1588 coenat,
605 1516 698 1586 lautus
712 1517 849 1586 habetur3

142 1593 173 1650 Si
188 1592 314 1665 Rutilus,
327 1589 453 1650 demens.
494 1594 575 1655 Quid
589 1595 665 1653 enim
680 1596 784 1671 majore
799 1596 941 1654 cachinno

141 1671 289 1747 Excipitur
303 1670 389 1747 vulgi,
402 1669 487 1746 quam
501 1691 607 1748 pauper
622 1674 762 1748 Apiciusl
783 1674 887 1731 Omnis

141 1749 307 1820 Convictus,
321 1750 447 1822 thermae,
462 1751 606 1822 stationes,
620 1771 704 1809 omne
718 1752 858 1808 theatrum

141 1825 186 1884 De
200 1827 309 1884 Rutilo.
334 1822 424 1885 ‘Nam
440 1829 508 1886 dum
523 1829 615 1888 valida
628 1849 662 1886 ac
674 1829 810 1904 juvenilia
824 1830 952 1888 membra
1079 1832 1125 1890 '5

142 1906 292 1963 Sufficiunt
305 1906 403 1980 galeae,
417 1907 541 1981 dumque
555 1907 655 1964 ardent
668 1909 816 1983 sanguine,
831 1909 927 1980 fertur,

141 1982 208 2041 Non
223 1993 342 2059 cogente
355 1984 481 2058 quidem,
496 1986 545 2041 sed
560 1985 615 2042 nec
628 1986 794 2061 probibente
810 1986 932 2060 tribuno,

141 2062 304 2138 Scripturas
318 2063 404 2136 leges,
419 2073 447 2120 et
461 2064 539 2138 regia
553 2064 637 2120 verba
651 2064 773 2122 lanista,

140 2138 248 2198 Multos
261 2139 343 2217 porrd
359 2141 450 2212 vides„
460 2161 530 2216 quos
543 2141 621 2218 saepe
634 2143 729 2200 elusus
744 2145 779 2200 ad
795 2143 887 2219 ipsum

140 2219 270 2276 Creditur
282 2219 429 2282 introitum
444 2221 515 2284 solet
527 2233 690 2296 exspectare
706 2222 827 2293 macelli,
1087 2222 1123 2280 10

140 2297 177 2354 Et
190 2297 292 2371 quibus
307 2299 336 2354 in
350 2297 409 2355 solo
422 2298 533 2356 vivendi
548 2319 636 2356 eausa
649 2301 741 2376 palato
754 2313 806 2358 est.

139 2374 282 2450 Egregius
296 2386 400 2447 coenat,
415 2375 572 2451 meliusque
587 2377 760 2436 miserrimus
775 2381 886 2452 horum,

139 2453 177 2509 Et
190 2453 248 2514 eitb
262 2473 379 2511 casurus
390 2454 450 2529 jam
462 2457 625 2531 perlucente
640 2458 732 2515 ruint.

139 2530 254 2590 interea
266 2542 368 2608 gustus
381 2533 523 2590 elementa
536 2553 586 2608 per
600 2535 696 2592 omnia
709 2548 848 2611 quaerunt,

138 2607 299 2685 Nunquam
308 2612 403 2668 animo
416 2611 512 2686 pretiis
526 2612 709 2670 obstantibus.
751 2613 875 2672 interibo
889 2614 914 2670 si
1086 2615 1123 2671 15
1153 2676 1159 2688 ‚

139 2688 289 2760 Attendas,
304 2683 396 2764 magis
405 2688 453 2746 illa
465 2689 573 2764 juvant,
587 2709 651 2764 qua
663 2691 751 2766 pluris
764 2703 905 2750 emuntur.

138 2765 217 2842 Ergb
232 2768 308 2824 haud
323 2767 438 2826 difficile
451 2778 504 2838 est,
519 2769 671 2844 perituram
686 2787 829 2827 arcessere
843 2788 983 2828 summam

138 2844 283 2903 Lancibus
295 2845 439 2924 oppositis,
454 2843 496 2902 vel
510 2847 607 2904 rustris
621 2845 744 2923 imagine
759 2848 857 2921 fraotd,

138 2921 176 2980 Et
188 2925 402 3000 quadringentis
415 2924 538 2982 nummis
546 2927 662 2984 condire
676 2927 806 3002 gulosum
917 3001 920 3006 Ι

138 3001 257 3060 Fictile:
279 3004 321 3060 sic
334 3003 451 3061 veniunt
465 3005 500 3063 ad
515 3003 697 3062 miscellanea
711 3003 779 3063 ludi.
1082 3007 1123 3066 20
1171 3004 1176 3010 ’

138 3078 239 3138 Refert
252 3078 332 3157 ergb,
345 3083 409 3156 quis
422 3084 484 3139 haec
498 3084 597 3140 eudem
612 3095 707 3160 paret:
729 3085 758 3142 in
773 3083 875 3144 Rutilo
888 3104 955 3144 uam

136 3157 263 3217 Luxuria
276 3172 335 3230 est;
357 3161 387 3218 in
402 3159 537 3218 Ventidio
550 3161 691 3220 laudabile
706 3182 810 3222 nomeu

137 3237 239 3309 Sumit,
253 3249 282 3296 et
295 3259 312 3296 a
326 3258 414 3296 censu
428 3237 532 3304 lamam
546 3242 638 3299 trabit.
681 3240 764 3299 Illum
778 3261 832 3318 ego
843 3241 906 3318 jure

135 3313 311 3392 Despiciam,
325 3318 373 3452 qqi
387 3317 450 3390 scit,
464 3330 569 3392 quanto
584 3319 730 3378 sublimior
744 3321 826 3378 Atlas

135 3393 280 3452 Omnibus
294 3397 323 3454 in
364 3395 428 3471 ibya
442 3397 478 3454 sit
491 3399 649 3467 montibus;
672 3399 718 3456 bio
731 3410 827 3460 tamen
842 3399 916 3456 idem
1081 3399 1120 3458 tt

136 3470 261 3550 Ignorat,
275 3473 412 3549 quantum
427 3475 529 3532 ferratb
544 3477 628 3533 distet
642 3475 677 3534 ab
691 3477 759 3534 ared

135 3551 283 3610 sacculus.
326 3551 352 3610 E
366 3554 438 3610 coelo
452 3553 600 3611 descendit
614 3553 699 3610 roda·
714 3553 827 3622 σεαυτὸν,

134 3628 297 3706 Figendum
311 3642 340 3688 et
353 3631 472 3688 memori
486 3633 665 3689 tractandum
679 3643 803 3709 pectore,
818 3632 876 3690 sive

134 3708 309 3784 Conjugium
323 3727 442 3788 queres,
457 3708 500 3767 vel
515 3711 588 3768 sacri
603 3711 634 3768 in
647 3723 726 3786 parte
741 3712 864 3780 senatus¹
