2572 4200
550 222 675 285 sarran
691 223 725 274 x.

155 363 300 436 Fatorum,
314 375 343 423 at
356 363 445 424 nimio
457 365 493 422 de
507 366 636 438 stamine,
650 383 736 441 quum
751 365 826 422 videt
840 363 914 425 acris
1018 417 1020 421 .

155 445 303 501 Antilochi
317 444 431 501 barbam
447 445 602 515 ardentem,
616 462 703 518 quum
716 443 815 517 querit
828 443 864 500 ab
876 443 964 516 omnI,
1070 449 1073 457 '

153 522 294 596 Quisquis
309 523 387 580 adest
401 518 569 592 sociamur
583 524 645 579 haec
655 522 689 594 in
703 532 830 596 tempora
844 522 937 594 duret,

154 599 243 660 Qu'od
258 600 370 657 facinus
383 599 500 674 dignum
515 609 572 656 tam
582 599 667 675 longo
681 599 824 656 admiserit
838 601 919 656 aevot

155 677 229 734 Haec
242 678 342 734 eadem
357 677 468 749 Peleus,
488 688 598 752 raptum
612 695 698 752 quum
712 678 790 752 luget
804 677 958 750 Achilleia,

154 757 250 831 Atque
264 757 345 826 alius,
360 756 407 812 cui
422 755 463 812 fas
477 754 607 812 Ithacum
620 755 717 830 lugere
732 764 887 812 natantem.

154 833 296 892 Incolumi
309 831 398 908 Trojd
412 832 540 890 Priamus
553 833 676 890 venisset
689 833 725 890 ad
739 833 853 905 umbras

154 911 291 969 Assaraci
304 913 415 986 magnis
428 911 741 983 solennibus,'Hectore
755 911 840 967 funus
897 922 901 928 ’

153 987 297 1061 Portante,
312 990 474 1063 acreliquis
488 991 604 1047 fratrum
618 981 785 1060 cervicibus,
800 989 873 1058 inter

154 1065 277 1124 Iliadum
290 1067 439 1142 lacrymas,
449 1079 485 1125 ut
498 1069 601 1143 primos
616 1068 700 1124 edere
713 1067 844 1142 planctus
873 1104 877 1116 t

153 1140 315 1202 Cassandra
329 1146 475 1220 inciperet,
490 1147 632 1219 scissaque
646 1143 789 1219 Polyxena
802 1143 886 1220 palla

153 1223 187 1280 si
202 1224 273 1281 soret
285 1224 440 1280 exstinctus
454 1224 562 1282 diverso
577 1234 711 1300 tempore,
725 1241 781 1296 quo
795 1240 852 1280 non

153 1299 289 1378 Coeperat
303 1302 426 1358 audaces
440 1301 519 1358 Paris
533 1302 672 1372 adificare
683 1301 802 1358 carinas.

121 1434 125 1446 ,
154 1377 256 1454 longa
267 1379 328 1436 dies
342 1379 427 1454 igitur
441 1379 507 1454 quid
522 1380 641 1437 contulit
650 1380 667 1435 l.
682 1379 777 1458 omnia
790 1378 860 1436 vidit

154 1454 270 1528 Eversa,
284 1469 313 1514 et
326 1456 446 1514 flammis
459 1458 558 1515 Asiam
573 1458 700 1530 ferroque
713 1457 871 1514 cadentem.

153 1533 241 1591 Tunc
256 1535 338 1591 miles
351 1535 488 1592 tremulus
501 1535 592 1612 posita
605 1535 670 1592 tulit
684 1553 761 1592 arma
774 1535 859 1607 tiard,
885 1563 887 1567 v
910 1536 914 1545 “

131 1621 133 1629 ’
154 1610 192 1669 Et
205 1614 262 1670 ruit
275 1623 340 1670 ante
355 1631 433 1670 aram
446 1613 548 1670 summi
563 1612 651 1682 Jovis,
666 1624 696 1668 ut
709 1614 818 1670 vetulus
831 1613 892 1686 bos,

152 1688 216 1751 Qui
231 1684 339 1749 domini
353 1691 450 1748 cultris
463 1703 549 1750 tenue
563 1703 592 1748 et
605 1691 763 1762 miserabile
777 1692 880 1748 collum

152 1767 274 1841 Praehet,
290 1770 325 1826 ab
338 1769 448 1845 ingrato
459 1770 670 1844 jam-fastiditus
683 1779 781 1826 aratro.
814 1807 817 1816 «

97 1890 102 1898 .
153 1844 256 1904 Exitus
270 1848 316 1904 ille
331 1857 475 1922 utcunque
489 1848 628 1905 hominis:
650 1847 699 1903 sed
711 1849 789 1919 torva
802 1846 920 1921 canino,

153 1923 278 1982 Intravit
291 1925 376 1996 rictu,
389 1944 452 2000 quae
466 1927 618 2002 posthunc
632 1925 748 1994 vixerat,
762 1943 840 1980 uxor.

153 2001 272 2060 Festino
285 2004 321 2060 ed
336 2015 454 2072 nostros,
468 2015 497 2060 et
511 2005 606 2078 regem
620 2014 732 2060 transeo
746 2000 841 2071 Ponti,

152 2079 190 2138 Et
204 2081 345 2152 Croesum,
360 2100 443 2156 quem
454 2101 507 2139 vox
517 2082 584 2157 justi
598 2081 721 2138 beanda
736 2079 848 2137 Solonis

153 2157 311 2234 Respicere
325 2160 361 2216 ad
376 2159 467 2234 longae
478 2160 562 2236 jessit
575 2156 663 2235 spatia
677 2158 774 2216 ultima
787 2157 859 2214 vita.

152 2235 301 2308 Exsilium,
317 2246 347 2294 et
359 2256 465 2308 carcer,
480 2237 745 2311 Minturnarumque
759 2233 885 2312 paludes,
942 2310 944 2313 ι

152 2313 191 2371 Et
204 2316 382 2386 mendicatus
396 2315 470 2372 victd
485 2315 657 2390 Carthagine
670 2317 761 2390 panis,

153 2391 232 2450 Hinc
246 2412 347 2450 causas
362 2391 494 2450 habuere.
534 2395 616 2456 Quid
625 2394 678 2452 ,illo
691 2394 752 2450 cive
767 2392 876 2449 tulisset

45 2536 49 2541 ¹
152 2469 264 2528 Natura
278 2471 308 2528 in
322 2472 412 2544 terris,
427 2472 494 2545 quid
506 2471 602 2529 Roma
616 2473 724 2528 beatius
738 2489 876 2544 unquam,

151 2548 184 2604 Si
199 2549 395 2618 circumducto
408 2550 579 2626 captivorum
594 2551 717 2626 agmine,
731 2562 760 2608 et
772 2547 850 2606 omni

151 2626 296 2683 Bellorum
309 2629 422 2702 pompd,
436 2628 559 2685 animam
573 2624 730 2685 exhaldsset
743 2626 876 2700 opimam,

151 2702 253 2765 Quum
267 2705 303 2761 de
317 2703 479 2763 Teutonico
493 2706 575 2762 vellet
589 2706 762 2762 descendere
776 2703 883 2759 currul

152 2782 274 2839 Provida
287 2781 421 2858 Pompeio
435 2783 551 2840 dederat
564 2783 722 2860 Campania
736 2781 827 2839 febres

150 2858 318 2936 Optandas:
339 2862 389 2918 sed
403 2861 498 2918 multe
512 2861 596 2917 urbes
610 2874 638 2919 et
651 2860 764 2936 publica
777 2868 841 2914 vota

151 2937 300 2995 Vicerunt.
342 2937 432 3014 Igitur
445 2939 673 3014 Fortuna'ipsius
686 2950 715 2996 et
727 2936 812 2995 Urbis

152 3015 301 3072 Servatum
315 3017 388 3074 victo
402 3029 487 3092 caput
500 3018 623 3075 abstulit.
664 3017 729 3074 Hoc
743 3014 869 3075 cruciatu

151 3091 301 3166 lentulus,
315 3094 370 3151 hac
383 3097 467 3170 poena
482 3097 574 3153 caruit
586 3095 744 3168 ceciditque
755 3093 899 3168 Cethegus

150 3169 277 3247 Integer,
291 3182 320 3229 et
330 3171 420 3248 jacuit
434 3173 558 3230 Catilina
571 3174 706 3230 cadavere
719 3183 787 3233 toto.

191 3249 325 3308 Formam
338 3261 416 3326 optat
429 3252 540 3309 modico
553 3251 656 3326 pueris,
670 3251 775 3326 majore
787 3249 889 3324 puellis

150 3325 310 3399 Murmure,
324 3346 411 3402 quum
426 3327 547 3386 Veneris
561 3329 657 3386 fanum
671 3329 746 3385 videt
760 3327 844 3384 anxia
857 3331 957 3390 mater,

150 3406 247 3481 Usque
262 3407 298 3465 ad
312 3406 429 3463 delicias
442 3417 577 3463 votorum.
617 3405 676 3462 Cur
690 3416 795 3474 tamen,
810 3401 910 3476 inquit,

150 3483 316 3562 Corripiasl
336 3484 461 3540 Pulchrd
476 3485 582 3559 gaudet
594 3483 703 3541 Latona
716 3481 821 3538 Diana.

150 3563 210 3622 Sed
225 3573 300 3619 vetat
313 3563 403 3638 optari
418 3561 520 3618 faciem
533 3561 675 3631 Lucretia,
689 3559 800 3633 qualem

149 3640 217 3716 Ipsa
232 3641 348 3698 habuit.
369 3654 487 3714 cuperet
501 3638 607 3694 Rutilae
617 3637 748 3711 Virginia
761 3634 878 3708 gibbum

149 3719 304 3794 Accipere,
320 3731 405 3791 atque
417 3736 497 3775 suam
511 3715 618 3773 Rutilae
632 3715 708 3770 dare.
750 3709 841 3768 Filius
856 3716 953 3765 autem
