2572 4200
563 267 689 318 aarum
706 267 755 318 111.

165 411 331 489 Gymnasia
346 422 429 488 atque
443 409 509 469 audi
524 409 635 470 lacinus
649 409 762 486 majoris
777 409 883 468 abollae.

165 493 280 550 Stoicus
293 492 399 550 occidit
412 491 541 562 Baream,
557 490 664 547 delator
679 489 813 560 amicum,

80 623 82 626 .
163 569 398 645 Discipulumque
413 588 509 639 senex,
525 567 585 644 ripd
599 568 721 624 nutritus
735 567 764 624 in
779 566 838 637 itta,
857 628 860 633 ,

163 647 212 704 Ad
226 667 311 722 quam
325 647 469 724 Gorgonei
483 645 599 722 delapsa
612 656 655 703 est
667 647 755 721 pinna
768 643 882 701 caballi:

163 721 232 782 Non
245 737 289 782 est
302 725 435 783 Romano
449 725 580 798 cuiquam
594 723 675 780 locus
689 722 746 793 hic,
761 722 809 779 ubi
823 732 924 798 regnat

164 803 336 878 Protogenes
349 803 459 878 aliquis,
472 803 515 858 vel
530 800 671 880 Diphilus,
686 812 734 857 aut
758 799 954 872 Erimarchus,

161 881 223 942 Qui
237 880 332 958 gentis
345 881 412 938 vitio
426 898 571 954 nunquam
585 878 703 956 partitur
717 877 849 936 amicum.

161 959 247 1016 Solus
261 960 353 1018 habet
394 957 471 1016 Nam
485 976 571 1032 quum
586 957 697 1014 facilem
712 956 827 1014 stillavit
840 957 870 1014 in
891 975 988 1014 aurem

161 1033 307 1113 Exiguum
321 1037 357 1094 de
371 1048 479 1096 naturas
493 1035 645 1112 patrieque
660 1053 778 1107 veneno,

161 1113 275 1172 Limine
290 1116 473 1172 submoveor:
493 1114 638 1189 perierunt
650 1107 778 1188 tempora
790 1113 868 1187 longi

160 1193 283 1250 Servitii.
302 1205 308 1212 ·
324 1189 474 1268 Nusquam
488 1191 580 1249 minor
594 1202 636 1248 est
646 1191 758 1266 jactura
770 1191 891 1251 clientis.
907 1219 914 1240 ·

159 1269 248 1332 Quod
262 1269 344 1346 porrb
358 1271 494 1341 officium,
509 1288 545 1328 ne
560 1269 641 1326 nobis
656 1269 794 1340 blandiar,
809 1280 857 1326 aut
871 1270 946 1344 quod

159 1347 296 1424 Pauperis
309 1348 357 1406 hic
371 1349 513 1420 meritum,
528 1348 552 1404 si
566 1359 646 1405 curet
660 1359 743 1406 nocte
757 1357 869 1424 togatus

158 1425 292 1498 Currere,
305 1445 392 1501 quum
406 1437 506 1502 praetor
520 1426 646 1483 lictorem
661 1427 795 1501 impellat,
808 1436 837 1482 et
847 1425 888 1484 ire

158 1503 337 1579 Praecipitem
354 1504 452 1580 jubeat
466 1505 572 1560 dudum
587 1503 768 1579 vigilantibus
780 1504 866 1574 orbis,

157 1579 205 1638 Ne
218 1581 294 1656 prior
308 1582 443 1640 Albinam
456 1593 485 1640 et
499 1581 626 1640 Modiam
640 1582 712 1640 colle
733 1602 750 1639 a
764 1583 866 1639 salutet
873 1583 925 1639 l·-

157 1657 204 1718 Da
217 1671 318 1717 testem
332 1660 434 1718 Romae
447 1671 504 1718 tam
520 1671 660 1731 sanctum,
674 1601 760 1735 quim
775 1660 827 1718 suit
841 1661 943 1738 hospes

156 1735 293 1796 Numinis
307 1737 394 1797 Idaeii
415 1739 550 1814 procedat
564 1739 606 1795 vel
620 1738 727 1810 Numa,
742 1738 783 1795 vel
798 1739 845 1813 qui

157 1815 286 1874 Servavit
298 1817 435 1892 trepidam
450 1816 580 1894 flagranti
594 1837 629 1873 ex
644 1819 705 1874 rede
719 1815 897 1875 Minervam:

156 1892 297 1950 Proteuus
310 1895 348 1952 ad
361 1914 488 1965 censum,
503 1895 538 1952 de
553 1894 677 1952 moribus
691 1896 790 1952 ultima
803 1895 851 1953 liet

154 1970 294 2033 Quaestio.
334 1973 415 2035 Quot
428 1974 519 2048 pascit
533 1973 646 2030 servosl
667 1983 735 2048 quot
747 1973 872 2048 possidet
886 1973 946 2050 agri

154 2047 286 2126 Jugeral
307 2049 392 2125 qudm
403 2053 491 2109 multi
506 2051 665 2127 magnique
679 2050 827 2128 paropside
840 2053 954 2110 coenatl

153 2125 306 2187 Quantum
320 2130 437 2205 quisque
452 2131 504 2187 suti
519 2147 699 2186 nummorum
712 2141 805 2187 servat
820 2131 848 2187 in
864 2129 940 2202 arci,
1032 2167 1035 2174 ·
1056 2156 1062 2178 τ
1082 2131 1139 2191 125

154 2201 282 2264 Tantum
298 2208 382 2265 babet
394 2219 424 2266 et
436 2208 510 2265 lidei.
552 2207 636 2266 Jures
650 2208 720 2265 licet
733 2220 762 2265 et
776 2209 992 2266 Samothracum
1015 2189 1045 2252 si

152 2281 191 2340 Et
205 2297 362 2342 nostrorum
377 2306 455 2354 aras3
475 2296 657 2343 contemnere
672 2287 791 2344 fulmina
804 2305 911 2362 pauper

152 2359 288 2420 Creditur
303 2374 385 2437 atque
399 2365 477 2436 deos,
492 2362 536 2421 dis
552 2364 765 2440 ignoscentibus
779 2365 854 2440 ipsis.

150 2438 243 2511 Quid,
257 2438 333 2516 qudd
348 2443 493 2499 materiam
504 2443 610 2517 prabet
624 2461 779 2524 causasque
790 2443 919 2518 jocorum

151 2516 297 2579 Omnibus
308 2519 355 2576 hic
368 2521 454 2591 idem,
467 2521 493 2576 si
508 2519 583 2577 freda
596 2531 624 2578 et
638 2522 726 2578 scissa
740 2522 865 2592 lacerna,
1079 2523 1137 2582 13⁰

152 2593 183 2652 Si
198 2603 265 2671 toga
279 2598 423 2655 sordidula
436 2609 488 2670 est,
502 2609 531 2655 et
544 2599 627 2674 rupttl
640 2600 754 2656 calceus
768 2600 838 2656 alter
926 2603 930 2610 '

150 2671 228 2730 Pelle
242 2686 335 2748 patet;
358 2678 399 2733 vel
414 2677 438 2735 si
452 2688 572 2734 consuto
585 2676 701 2734 vulnere
715 2695 841 2733 crassum

150 2751 247 2826 Atque
259 2771 360 2811 recens
372 2755 463 2812 linum
476 2755 602 2812 ostendit
615 2774 672 2811 nou
687 2773 744 2811 una
757 2754 897 2812 cicatrix?

150 2827 201 2886 Nil
215 2831 299 2888 habet
312 2832 409 2890 infelix
422 2843 573 2908 paupertas
587 2833 684 2890 durius
698 2833 727 2890 in
741 2851 782 2905 se,

148 2906 248 2969 Qudm
262 2907 339 2984 qubd
353 2911 487 2969 ridiculos
502 2911 630 2970 homines
645 2911 720 2969 facit.
763 2909 863 2983 Exeat,
878 2910 979 2986 inquit,
1030 2907 1033 2919 '
1077 2913 1134 2972 lta

148 2985 182 3042 si
196 2987 285 3061 pudor
299 2999 351 3058 est,
365 2990 444 3046 etde
464 2989 579 3065 pulvino
592 2995 689 3066 surgat
702 2990 835 3064 equestri,

147 3061 239 3139 Cujus
253 3085 297 3122 res
311 3067 367 3141 legi
382 3087 439 3124 non
454 3067 567 3139 sufficit,
581 3079 610 3125 et
622 3069 742 3126 sedeant
755 3068 804 3126 hic

146 3139 299 3201 Lenonum
312 3147 391 3220 pueri
405 3165 573 3222 quocunque
587 3146 617 3203 in
632 3147 739 3205 fornice
753 3148 821 3206 nati.

147 3219 208 3276 Hic
220 3221 337 3298 plaudat
351 3225 431 3282 nitidi
446 3226 584 3300 praecouis
595 3225 670 3283 lilius
684 3225 757 3283 inter

146 3296 291 3376 Piunirapi
305 3302 398 3360 cultos
409 3304 537 3379 juvenes,
547 3304 721 3379 juvenesque
734 3304 853 3363 lanistae.
1074 3304 1131 3362 14⁰

145 3375 196 3434 Sic
209 3379 320 3436 libitum
335 3399 417 3453 vano,
431 3383 479 3456 qui
494 3402 545 3439 nos
559 3383 696 3454 distinxit,
711 3381 829 3440 Othoni.

144 3455 221 3516 Quis
235 3477 323 3533 gener
338 3458 386 3515 hic
397 3461 502 3534 placuit
516 3479 605 3517 censu
622 3462 722 3531 minor,
738 3471 821 3534 atque
835 3458 938 3533 puella

144 3533 302 3592 Sarcinulis
317 3537 428 3612 imparl
449 3538 511 3611 quis
525 3557 631 3612 pauper
646 3538 777 3595 scribitur
793 3535 904 3593 haeresl

35 3675 39 3681 ,
142 3612 270 3673 Quando
284 3615 314 3672 in
328 3616 448 3673 consilio
460 3626 504 3671 eat
518 3615 663 3672 edilibusl
704 3615 829 3689 Agmine
843 3613 918 3670 facto

143 3687 310 3750 Debuerant
323 3693 390 3750 olim
404 3705 505 3750 tenues
519 3693 658 3766 migrasse
671 3693 810 3754 Quirites.
1071 3677 1131 3747 145'

144 3766 230 3828 Haud
245 3771 328 3828 facile
343 3783 502 3848 emergunt,
516 3789 635 3846 quorum
648 3770 797 3828 virtutibus
810 3771 903 3829 obstat
