2572 4200
545 236 550 244 a
574 211 696 268 sumna
713 217 761 272 111.

173 335 294 475 &Omnis
300 343 378 402 enim
384 350 489 426 populo
497 357 654 415 mercedem
668 364 793 436 pendere
804 367 882 441 jussa
894 380 938 428 est

170 456 174 460 -
203 420 277 492 rbor,
291 434 320 479 et
334 423 431 500 ejectis
445 432 588 490 mendicat
602 437 668 494 silva
684 439 844 523 Camoenis)

173 494 212 552 In
224 499 326 556 vallem
341 499 451 577 Egeria
465 508 675 586 descendimus,
689 527 718 573 et
729 521 879 594 speluncas

172 571 333 634 Dissimiles
346 583 427 638 veris.
466 585 586 646 Quanto
601 598 778 666 praestantius
791 614 866 660 esset

172 648 289 712 Numen
304 675 392 732 aque,
407 661 486 719 viridi
501 664 525 721 si
539 671 666 744 margine
680 672 825 734 clauderet
846 682 937 740 undas

172 726 280 803 Herba,
290 752 351 809 ¹nec
362 737 518 812 ingenuum
533 745 668 806 violarent
682 751 821 812 marmora
833 761 950 834 tophum
962 763 975 818 ‘l

132 821 134 828 ·
171 800 230 864 Hic
244 820 313 867 tunc
327 811 498 889 Umbricius,
513 821 641 882 Quando
654 830 769 902 artibus,
784 833 884 908 inquit,
899 839 1025 898 honestis

170 883 276 944 Nullus
290 888 319 944 in
335 890 410 949 Urbe
424 895 512 969 locus,
528 901 605 957 nulla
617 907 808 968 emolumenta
822 913 959 990 laborum,

169 961 232 1020 Res
246 967 329 1024 hodie
343 971 434 1028 minor
447 987 500 1044 est,
515 976 582 1035 here
596 980 681 1054 qudm
696 986 757 1058 fuit,
772 1001 856 1064 atque
869 995 970 1052 eadem
983 1015 1047 1056 cras

170 1037 287 1100 Deteret
300 1047 411 1122 exiguis
425 1051 529 1124 aliquid
543 1074 549 1110 :
570 1061 753 1134 proponimus
767 1066 835 1124 illuc

168 1115 225 1190 Ire,
240 1121 371 1198 fatigatas
384 1128 434 1184 ubi
448 1127 583 1190 Daedalus
597 1139 674 1194 exuit
688 1141 755 1212 alas,
1108 1157 1148 1216 25

168 1193 244 1254 Dum
259 1219 331 1258 nova
345 1204 474 1275 canities,
489 1209 557 1266 dum
572 1214 662 1286 prima
675 1229 703 1274 et
718 1231 795 1279 recta
808 1239 950 1301 senectus,

167 1271 244 1332 Dum
257 1287 384 1354 superest
398 1282 617 1362 Lachesi-quod
631 1304 768 1369 torqueat,
782 1305 942 1378 etpedibus
956 1326 1002 1365 me

165 1349 251 1411 Porto
264 1358 345 1429 meis,
361 1361 439 1418 nullo
452 1363 579 1423 dextram
594 1371 734 1431 subeunte
749 1377 858 1439 bacillo.

165 1429 309 1490 Cedamus
322 1437 427 1511 patriti:
449 1442 542 1500 vivant
555 1446 685 1506 Artorius
699 1453 763 1510 istic

164 1505 202 1566 Et
215 1510 350 1570 Catulus:
372 1531 514 1592 maneant,
528 1523 575 1596 qui
590 1527 703 1600 nigrum
717 1530 747 1588 in
761 1536 883 1596 candida
904 1553 1026 1615 vertunt,
1105 1545 1146 1606 ³0

163 1585 239 1648 Quis
254 1591 337 1648 facile
350 1606 393 1651 est
404 1596 493 1654 aedem
508 1603 679 1677 conducere,
695 1606 821 1684 flumina,
835 1627 941 1690 portus,

163 1664 334 1726 Siccandam
348 1671 478 1746 eluviem,
492 1681 661 1752 portandum
677 1686 712 1741 ad
727 1687 808 1746 busta
819 1695 951 1768 cadaver,

162 1741 200 1799 Et
213 1747 337 1818 praebere
350 1762 436 1826 caput
449 1754 564 1814 domins
578 1762 676 1818 venale
690 1765 743 1820 sub
757 1766 846 1826 hastd.

160 1819 315 1882 Quondam
329 1826 358 1883 hi
373 1831 540 1905 cornicines,
554 1846 583 1891 et
596 1840 777 1915 municipalis
790 1864 883 1905 arenae

159 1895 291 1974 Perpetui
305 1907 432 1978 comites,
446 1922 575 1986 notaeque
588 1931 638 1987 per
651 1918 755 1990 oppida
769 1920 876 1998 bucce,

158 1971 282 2036 Munera
295 2000 373 2040 nunc
387 1986 485 2058 edunt,
497 2001 525 2046 et
539 2009 619 2049 verso
632 1995 736 2068 pollice
751 2000 826 2076 vulgi

157 2053 255 2114 Quem
267 2057 336 2116 libet
349 2064 484 2122 occidunt
496 2069 683 2142 populariter:
705 2075 772 2132 inde
785 2082 889 2138 reversi

157 2131 331 2194 conducunt
345 2139 463 2209 iorieas;
491 2154 521 2200 et
540 2165 592 2202 cur
612 2167 669 2206 non
683 2155 800 2212 omuia'l
820 2177 907 2232 quum
922 2160 989 2234 sint,

155 2208 266 2271 Quales
279 2234 314 2271 ex
329 2216 427 2275 humili
441 2239 544 2296 magna
558 2225 593 2280 ad
609 2227 719 2303 fastigia
732 2249 826 2290 rerum

154 2285 281 2362 Extollit,
296 2294 405 2368 quoties
418 2297 505 2355 voluit
520 2299 646 2360 Fortuna
656 2305 754 2380 jocari.

152 2363 233 2427 Quid
249 2369 351 2427 Rome
366 2373 488 2432 saciaml
508 2380 620 2437 mentiri
637 2386 751 2442 nescio:
772 2387 885 2462 librum,
899 2419 901 2424 ·

140 2444 184 2502 'Si
199 2447 289 2504 malus
303 2460 355 2521 est,
369 2470 479 2526 nequeo
492 2455 607 2514 laudare
618 2471 650 2515 et
663 2481 796 2536 poscere:
818 2479 911 2526 motus

151 2523 302 2583 Astrorum
316 2527 416 2602 ignoro
431 2551 437 2587 ε
459 2532 544 2590 sunus
558 2538 720 2610 promittere
734 2543 821 2614 patris

151 2598 216 2658 Nec
230 2602 303 2676 volo,
318 2625 372 2662 nec
385 2627 516 2682 possum:
537 2632 670 2670 ranarum
685 2618 792 2674 viscera
806 2637 951 2692 nunquam

149 2675 275 2754 Inspexi.
317 2683 403 2741 Ferre
418 2688 454 2743 ad
467 2701 595 2762 nuptam,
609 2709 671 2764 quae
683 2694 769 2766 mittit
780 2695 898 2768 adulter,

148 2754 225 2818 Quae
239 2762 364 2833 mandat,
377 2762 484 2822 ndrunt
504 2765 569 2823 alii:
597 2786 643 2824 me
661 2787 746 2827 nemo
762 2771 890 2831 ministro

147 2833 207 2893 Fur
221 2837 283 2909 erit,
299 2850 382 2913 atque
396 2841 461 2899 ideo
475 2843 545 2900 nulli
559 2864 655 2902 comes
669 2866 749 2918 exeo,
764 2859 897 2923 tauquam

146 2910 280 2986 Mancus,
294 2920 482 2976 erexerimus
496 2939 600 2996 corpus
615 2941 671 2980 uon
685 2925 754 2982 utile
767 2926 881 2984 dextrae.

144 2990 222 3053 Quis
237 3013 315 3052 nunc
329 2995 466 3071 diligitur,
480 2999 535 3055 nisi
549 3001 694 3071 conscius,
708 3015 737 3058 et
750 3004 797 3058 cui
813 3003 922 3061 fervens

145 3069 260 3128 AEstuat
273 3073 394 3131 occultis
408 3075 530 3148 animus,
545 3095 712 3152 semperque
727 3080 877 3136 tacendisl
893 3139 932 3161 *-

142 3145 194 3204 Nil
208 3149 260 3206 tibi
274 3170 305 3206 se
318 3151 422 3208 debere
436 3164 524 3228 putat,
540 3153 582 3210 nil
594 3155 720 3213 conseret
734 3173 870 3244 uuquam,

142 3223 316 3303 Participem
332 3230 379 3302 qui
394 3241 422 3286 te
437 3231 539 3288 secreti
555 3230 624 3287 fecit
637 3233 756 3290 honesti.

143 3303 238 3362 Carus
253 3306 307 3362 erit
320 3305 413 3379 Verri,
427 3309 475 3382 qui
490 3309 611 3365 Verrem
625 3318 760 3396 ternpore,
774 3325 831 3394 quo
844 3307 914 3376 vult,

141 3381 292 3440 Accusare
306 3395 406 3458 potest.
447 3385 538 3442 Tanti
553 3383 606 3439 tibi
618 3402 675 3439 non
689 3393 817 3468 'srtopacq
1100 3445 1139 3501 55

138 3459 244 3518 Omnis
259 3479 345 3518 arena
359 3463 445 3538 Tagi,
459 3462 593 3535 quodque
607 3460 637 3514 iu
652 3479 729 3547 mare¹
742 3458 863 3514 volvltur
874 3468 984 3519 mum»

137 3535 177 3595 Ut
190 3557 293 3596 somno
307 3557 414 3610 careas,
428 3537 621 3620 ponendaque
635 3553 750 3622 praetura
763 3545 862 3619 sumas

137 3615 244 3674 Tristis
269 3627 298 3672 et
312 3635 329 3673 a
342 3635 446 3692 magno
459 3628 574 3684 semper
590 3620 715 3698 umentis
729 3623 834 3696 emico.
896 3675 902 3687 ,

174 3662 255 3756 Quae'
268 3712 346 3750 mmo
357 3693 492 3750 divitibus
507 3703 583 3764 gens
597 3697 798 3759 acceptissima
813 3685 928 3744 n0⁸t1102
