2614 4186
468 223 474 227 ’
573 256 695 308 sarran
713 259 744 308 v.

170 397 297 464 Luciferi
311 398 399 468 rudis,
413 397 553 458 exclamet
566 397 715 456 Melicerta
729 398 836 474 perisse
867 419 869 422 ·

168 475 353 533 Frontem‘de
368 475 460 532 rebus.
501 474 571 532 Tibi
584 487 661 534 recto
672 475 763 534 vivere
777 477 835 535 talo
903 499 907 518 ›

169 553 226 609 Ars
240 551 339 610 deditl
360 564 389 609 et
402 554 459 610 veri
473 549 598 628 speciem
612 554 778 628 dignoscere
792 555 888 628 calles,
972 555 974 559 ’

108 654 112 658 ·
169 628 216 692 Ne
230 649 285 704 qua
300 630 438 686 subaerato
452 632 617 704 mendosum
633 631 734 688 tinniat
748 631 838 690 aurol

168 701 300 840 (quaeque
313 707 457 782 sequenda
472 709 572 777 forent,
583 719 612 764 et
625 727 687 784 quae
700 709 813 766 vitan'da
825 709 949 769 vicissim

170 783 185 840 I
197 784 224 841 la
236 783 416 860 prihscretd,
427 796 495 842 'mox
509 785 570 844 haec
584 787 716 856 carbone,
730 775 853 844 notastil

170 861 211 918 Es
224 862 352 918 modicus
366 863 441 920 votil
461 881 557 938 presso
568 861 648 919 larel
662 863 755 920 dulcis
766 865 884 921 amicisl

164 939 237 996 'Jam
247 947 324 1005 nunc
335 940 482 1014 astringas,
494 939 553 1015 jam
567 957 645 996 nuno
659 941 790 1016 granaria
802 943 902 1000 laxesl

22 1035 25 1042 ’
65 1034 68 1040 ’
171 1012 263 1092 Inque
277 1017 336 1075 luto
347 1017 434 1073 lixum
447 1018 536 1092 possis
549 1019 764 1076 transscendere
779 1039 938 1098 nummum,
1003 1038 1007 1043 ·

172 1093 237 1150 Nec
251 1094 339 1169 glutto
353 1095 465 1166 sorbere
479 1095 594 1152 salivam
609 1093 829 1157 Mercurialem?

212 1171 284 1228 Haec
299 1191 362 1228 mea
375 1183 450 1243 sunt,
464 1182 558 1243 teneo,
571 1191 657 1246 quum
672 1170 737 1230 vere
753 1174 866 1244 dixeris,
880 1186 941 1232 esto
1017 1172 1023 1178 ’

172 1249 311 1323 Liberque
326 1268 360 1305 ac
373 1250 493 1324 sapiens,
508 1250 672 1324 praetoribus
684 1270 717 1306 ac
731 1249 800 1308 Jove
814 1252 920 1309 dextro.

173 1327 226 1383 Sin
240 1337 280 1397 tu,
294 1345 380 1401 quum
391 1327 479 1384 -fue'ris
490 1339 592 1384 nostre
605 1325 689 1401 paulb
704 1325 769 1385 ante
785 1329 893 1402 farinae,

147 1471 149 1478 γ
172 1404 337 1468 Pellioulam
351 1414 474 1472 veterem
486 1406 600 1474 retines,
614 1413 643 1462 et
657 1406 747 1462 fronte
760 1405 863 1480 politus

172 1483 304 1538 Astutam
318 1479 418 1556 vapido
432 1493 525 1540 serras
537 1481 589 1542 sub
603 1493 716 1556 pectore
730 1483 840 1558 vulpem
854 1505 859 1540 :
973 1555 974 1558 Ἴ

166 1559 247 1628 'Qua
261 1559 394 1624 dederam
408 1557 502 1635 snpra,
514 1571 619 1635 repeto,
635 1560 786 1636 funemque
800 1563 913 1621 reduco.
1071 1574 1076 1582 “

172 1636 222 1697 Nil
237 1633 287 1694 tibi
302 1633 441 1694 concessit
452 1638 539 1694 ratio:
561 1639 679 1714 digitum
693 1657 802 1709 exsere,
816 1658 932 1713 peccas.¹

173 1713 211 1771 Et
222 1715 289 1789 quid
303 1725 361 1771 tam
374 1734 488 1790 parvum
502 1717 566 1772 estl'
583 1717 633 1771 sed
647 1715 724 1771 nullo
737 1717 818 1772 thure
831 1717 933 1790 litabis,
1001 1741 1004 1744 ·
1049 1736 1054 1742 “

173 1791 289 1852 Haereat
304 1793 333 1849 in
348 1793 440 1856 stultis
453 1793 544 1866 brevis
557 1803 587 1848 ut
602 1795 748 1850 semuncia
762 1795 839 1852 recti.

173 1868 245 1925 Haec
259 1870 378 1927 miscere
393 1869 490 1927 nefas:
511 1889 576 1941 nec,
589 1889 676 1945 quum
690 1871 728 1926 sis
742 1883 845 1928 caetera
859 1872 957 1942 fossor,

158 1961 161 1966 ¹
173 1945 247 2004 Tres
260 1945 370 2006 tanthrn
384 1949 419 2005 ad
433 1965 566 2004 numeros
580 1948 664 2022 satyri
678 1951 806 2005 moveare
821 1947 951 2024 Bathylli.

173 2024 275 2082 ‘Liber
289 2027 360 2100 ego!
401 2024 484 2099 Unde
499 2026 596 2082 datum
610 2027 664 2082 hoc
677 2027 775 2097 sumis,
789 2037 830 2083 tot
844 2027 955 2085 subdite
968 2027 1075 2085 rebusl

172 2102 220 2159 An
235 2102 380 2162 dominum
391 2103 513 2178 ignoras,
528 2100 582 2160 nisi
595 2102 684 2178 quern
695 2103 818 2161 vindicta
832 2104 959 2162 relaxati
1090 2107 1147 2164 125

152 2167 215 2250 x“I,
229 2199 308 2255 puer,
322 2190 350 2236 et
363 2181 483 2256 strigiles
497 2181 621 2256 Crispini
635 2181 787 2244 adhalnea
800 2182 901 2239 deferz'
924 2197 925 2202 ’

172 2257 204 2315 si
220 2257 368 2331 increpuit,
380 2264 386 2288 ⁸
399 2275 493 2314 cessas
501 2269 619 2333 nugator
628 2259 647 2316 l'
670 2259 813 2315 servitium
827 2269 891 2318 acre

172 2335 218 2392 Te
233 2335 302 2391 nihil
315 2334 450 2410 impellit:
471 2353 525 2392 nec
539 2337 691 2410 quidquam
705 2337 880 2394 extrinsecus
894 2338 988 2410 intrat,

169 2413 258 2474 Quod
273 2426 372 2469 nervos
386 2413 488 2487 agitet:
509 2415 559 2470 sed
574 2414 596 2471 si
610 2416 686 2471 intus
699 2426 728 2472 et
743 2415 772 2471 in
782 2415 879 2490 jecore
895 2435 970 2492 aegro

172 2489 334 2546 Nascantur
348 2489 472 2547 domini:
492 2489 541 2566 qui
556 2503 586 2548 tu
599 2492 760 2567 impunitior
774 2493 844 2564 exis,
1090 2495 1147 2554 130

69 2640 75 2648 .
107 2593 111 2606 =
172 2569 267 2642 Atque
281 2568 337 2638 hic,
351 2581 435 2643 quem
450 2569 485 2624 ad
499 2569 618 2644 strigiles
632 2570 741 2626 scutica
754 2582 783 2626 et
797 2582 889 2627 metus
902 2571 961 2647 egit
974 2567 1089 2630 herilisl

212 2643 299 2702 Mane
312 2645 392 2719 piger
404 2646 513 2703 stertis:
537 2647 638 2720 Surge,
654 2647 745 2720 inquit
762 2648 892 2705 avaritia:
913 2650 959 2706 eia
1034 2709 1037 2720 ,

173 2723 273 2798 Surge.
315 2722 428 2798 Negas:
449 2716 549 2800 instat:
571 2725 673 2799 Surge,
687 2724 785 2798 inquit.
816 2725 903 2782 ‘Non
917 2728 1009 2801 queo'
1032 2727 1135 2804 Surge.

173 2799 228 2856 ‘Et
241 2799 308 2875 quid
323 2819 404 2875 agam
412 2801 433 2856 l’
475 2801 615 2876 Rogitasl
636 2803 768 2876 saperdas
781 2803 888 2860 advehe
902 2802 1002 2875 Ponto,

173 2876 349 2950 castoreum,
363 2889 487 2954 stuppas,
502 2880 635 2950 ebenum,
649 2881 724 2951 thus,
739 2879 848 2938 lubrica
862 2881 931 2938 Coa.
1091 2881 1148 2940 135

172 2953 256 3013 Tolle
269 2973 373 3012 recens
382 2957 488 3031 primus
501 2957 608 3033 pipere
622 2957 734 3014 sitiente
749 2959 864 3016 camelo.

172 3033 260 3091 Verte
274 3034 394 3109 aliquid:
413 3035 485 3110 jura.
527 3033 605 3092 ‘sed
621 3035 731 3112 Jupiter
747 3037 859 3095 audiet’
901 3035 1001 3093 Eheu!

151 3155 153 3160 .
172 3109 256 3183 Baro,
270 3109 443 3187 regustatum
457 3113 546 3188 digito
559 3114 699 3171 terebrare
714 3115 835 3171 salinum
910 3131 917 3145 ‘

172 3188 331 3246 Contentus
343 3209 470 3266 perages,
482 3192 506 3247 si
521 3191 613 3247 vivere
627 3207 694 3248 cum
707 3191 777 3249 Jove
791 3193 893 3249 tendis.

72 3323 74 3332 ,
172 3266 239 3325 Jam
252 3267 346 3342 pueris
359 3267 460 3344 pellem
476 3268 640 3325 succinctus
651 3280 679 3325 et
692 3271 878 3344 (esophorum
894 3278 991 3342 aptas:
1056 3267 1151 3328 *140

171 3343 263 3404 Ocihs
276 3346 312 3402 ad
324 3365 441 3403 navem:
463 3345 533 3403 nihil
547 3346 648 3416 obstat,
662 3345 729 3420 quin
744 3346 823 3403 trabe
837 3345 915 3404 vasti

173 3423 305 3499 AEgaeum
319 3423 421 3499 rapias,
435 3423 489 3480 nisi
504 3423 591 3479 solers
604 3422 715 3481 luxuria
727 3421 794 3479 anti
810 3416 819 3432 '
933 3491 935 3498 ,
986 3461 995 3482 t

172 3502 329 3559 Seductum
344 3512 475 3558 moneat:
495 3497 566 3560 Quo
581 3498 694 3570 deinde,
709 3500 817 3571 insane,
832 3499 910 3557 ruisl
930 3491 1009 3572 qubl

170 3579 253 3640 Quid
266 3579 317 3636 tibi
332 3579 394 3636 visi
414 3578 507 3637 calido
521 3576 575 3632 sub
587 3586 700 3648 pectore
713 3578 839 3634 mascula
853 3577 918 3652 bilis

172 3655 320 3730 Intumuit,
335 3677 418 3733 quam
432 3676 489 3715 non
504 3651 671 3710 exstinxerit
683 3671 754 3709 urna
766 3654 890 3712 cicutael
1102 3645 1158 3704 145
