2614 4186
442 251 446 256 ’
501 291 508 304 f
550 255 674 309 sadran
692 259 766 310 mv.

164 400 277 458 Patrem
291 401 393 476 ipsum,
407 401 572 476 turbamque
588 419 671 472 casae,
686 404 742 476 qus
757 401 946 478 laem-jacebat

164 479 251 550 Uxor,
265 490 294 537 et
307 479 430 536 infantes
442 479 579 536 ludebant
592 489 721 552 quatuor,
735 498 810 546 unus

164 557 302 627 Vernula,
317 567 373 612 tres
387 556 510 613 domini:
531 557 581 612 sed
595 557 706 631 magnis
719 557 851 614 fratribus
864 559 975 632 horum,

164 635 192 692 Α
208 635 307 691 scrobe
322 634 364 690 rel
378 634 461 691 sulco
472 633 666 705 redeuntibus,
680 635 767 692 altera
780 653 862 692 coeua

165 713 293 787 Amplior
307 723 336 768 et
348 713 472 786 grandes
486 711 631 768 fumabant
644 712 769 786 patribus
781 713 853 769 ollae.
952 727 954 732 '

164 789 253 856 Nunc
267 790 367 846 modus
382 790 429 846 hic
444 789 504 864 agri
518 800 613 846 nostro
626 808 688 845 non
698 789 802 847 sufficit
816 792 905 848 horto.

163 867 237 925 Inde
253 865 311 924 ferd
328 867 466 924 scelerum
480 886 583 938 causae,
598 885 653 923 nec
666 867 746 942 plura
760 887 869 925 venena

165 944 291 1016 Miscuit,
306 956 354 1002 aut
369 945 441 1018 ferro
454 959 596 1020 grassatur
610 941 713 1020 sapida
727 944 816 1003 ullum

164 1023 306 1080 Humanae
324 1023 427 1080 mentis
440 1023 548 1093 vitium,
562 1019 647 1096 quim
666 1041 739 1078 saeva
752 1020 855 1098 cu'pido
894 1057 897 1065 ‹

164 1100 298 1158 indomiti
313 1100 434 1158 ceneris:
456 1119 521 1156 narn
536 1100 614 1156 dives
626 1099 676 1174 qui
689 1099 749 1156 lieri
763 1100 832 1172 vult,

163 1179 201 1236 Et
214 1176 271 1236 citd
286 1178 345 1234 vult
357 1177 427 1234 fieri.
468 1179 526 1234 Sed
539 1195 602 1253 quse
615 1178 770 1235 reverentie
782 1179 887 1254 legum',

162 1255 240 1316 Quis
253 1266 346 1312 metus
360 1269 408 1314 eut
421 1256 511 1332 pudor
524 1265 567 1312 est
580 1273 704 1329 unquam
719 1257 892 1331 properantis
905 1257 1004 1316 ararit

164 1333 258 1390 Viviss
272 1335 397 1391 contenti
413 1333 517 1390 casulis
530 1344 558 1400 et
571 1332 691 1389 collibus
704 1333 775 1406 istis,

160 1411 192 1467 Ο
205 1412 295 1488 pueri,
311 1411 422 1468 Marsus
437 1411 550 1468 dicebat
563 1421 592 1468 et
605 1411 750 1468 Hernicus
763 1412 829 1470 olim
863 1414 866 1419 ’
922 1470 926 1476 ,

163 1489 354 1564 Vestinusque
368 1509 473 1558 senex;
495 1508 596 1564 panem
610 1507 768 1564 quaeramus
782 1499 883 1562 aratro,
980 1528 981 1535 κ

163 1566 225 1628 Qui
240 1565 309 1624 satis
323 1578 366 1624 est
379 1567 486 1624 mensis
500 1586 506 1622 :
527 1566 645 1624 laudant
659 1568 713 1624 hoc
726 1567 845 1624 numina
858 1568 941 1641 ruris,

161 1643 295 1706 Quorum
310 1665 363 1720 ope
377 1656 406 1702 et
420 1645 534 1717 auxilio,
548 1655 635 1720 gratae
649 1656 711 1720 post
724 1665 828 1703 munus
842 1647 944 1718 aristae,

164 1722 342 1798 Contingunt
355 1723 463 1780 homini
477 1723 578 1780 veteris
593 1723 704 1779 fastidia
717 1723 847 1798 quercirs.

164 1800 214 1857 Nil
230 1801 346 1858 vetitum
361 1801 462 1856 fecisse
474 1800 556 1871 volet,
567 1818 651 1874 quem
666 1819 723 1857 non
738 1801 825 1874 pudet
838 1800 894 1858 alto
1005 1869 1008 1875 Ι

163 1875 352 1953 Per'glaciem
367 1897 472 1954 perone
486 1878 544 1952 tegi
556 1897 567 1947 ,²
584 1879 632 1952 qui
646 1877 794 1934 submovet
807 1877 900 1936 Euros

163 1955 288 2012 Pellibus
302 1957 427 2012 inversis.
469 1957 622 2031 Peregrina
637 1955 788 2030 ignotaque
802 1955 884 2012 nobis

164 2034 212 2091 Ad
226 2034 318 2091 scelus
333 2045 416 2108 atque
429 2035 519 2105 nefas,
534 2051 713 2107 quaecuuque
727 2045 779 2104 cst,
792 2051 916 2108 purpura
928 2033 1017 2092 ducit.

203 2111 275 2168 Haeo
290 2105 330 2169 illi
346 2123 453 2168 veteres
466 2123 606 2188 praecepta
620 2111 795 2167 minoribus:
817 2121 846 2168 at
860 2129 938 2168 nunc

163 2187 230 2246 Post
243 2189 329 2248 finem
343 2189 471 2247 autumni
486 2187 580 2246 mediis
593 2189 629 2246 de
643 2199 726 2247 nocte
740 2189 873 2265 supinum
899 2259 910 2265 ‚-

162 2267 311 2332 clamosus
322 2268 456 2343 juvenem
469 2278 547 2343 pater
561 2268 683 2324 excitat:
706 2267 815 2344 Accipe
829 2285 910 2325 ceras

136 2389 140 2396 .
163 2345 274 2417 Scribe,
288 2365 368 2422 puer,
384 2346 475 2421 vigila,
489 2364 591 2402 causas
605 2364 668 2420 age,
682 2345 796 2422 perlege
810 2346 909 2403 rubras

163 2421 305 2500 Majorum
319 2425 407 2499 leges,
422 2435 470 2480 aut
483 2425 568 2482 vitem
581 2442 666 2499 posce
681 2423 793 2483 libello„

163 2503 220 2558 Sed
235 2514 320 2577 caput
333 2503 475 2576 intactum,
486 2502 561 2559 buxo
574 2519 711 2576 naresque
725 2503 828 2577 pilosas

59 2592 64 2600 ·
163 2580 300 2651 Annotet,
315 2593 344 2637 et
357 2581 479 2656 grandes
494 2579 731 2637 mireturLaelius
746 2580 812 2636 alas.

162 2656 253 2714 Dirue
267 2657 433 2717 Maurorum
447 2658 576 2732 attegias,
591 2656 707 2714 castella
721 2657 899 2732 Brigantum,

163 2735 201 2792 Ut
214 2735 383 2811 locupletem
398 2736 520 2810 aquilam
534 2736 585 2793 tibi
600 2735 793 2809 sexagesimus
806 2751 899 2791 annus

163 2813 289 2883 Afferat;
311 2826 369 2885 aut,
383 2814 483 2889 longos
497 2825 655 2870 castrorum
670 2813 741 2870 serre
755 2812 866 2870 labores

163 2889 195 2946 Si
209 2893 286 2968 piget
300 2903 329 2950 et
342 2893 485 2967 trepidum
499 2892 611 2949 solvunt
623 2891 675 2948 tibi
689 2909 796 2948 cornua
810 2900 937 2947 ventrem
956 2923 960 2932 ι

163 2967 238 3026 Cum
252 2969 328 3027 lituis
342 2971 448 3042 audita,
462 2989 554 3046 pares,
568 2970 643 3044 quod
659 2970 782 3026 vendere
795 2968 886 3046 possis
1090 2969 1150 3028 20⁰

163 3044 256 3104 Pluris
270 3049 397 3119 dimidio,
412 3069 467 3106 ncc
481 3059 509 3106 te
523 3047 634 3106 fastidia
647 3048 753 3114 mercis

164 3123 255 3182 Ullius
269 3127 389 3184 subeant
403 3127 569 3201 ableganda
583 3124 713 3182 Tiberim
727 3125 819 3182 ultra:

163 3202 230 3259 Neu
244 3205 344 3262 credas
357 3201 528 3280 ponendum
536 3203 642 3278 aliquid
657 3201 830 3260 discriminis
843 3201 925 3260 inter

163 3281 326 3356 Unguenta,
340 3292 369 3339 et
379 3283 495 3339 corium.
537 3281 625 3338 Lucri
639 3281 730 3340 bonus
742 3292 785 3338 est
797 3281 866 3339 odor
879 3299 916 3338 ex
928 3299 959 3340 re

162 3357 309 3420 Quilibet.
351 3359 404 3416 Illa
417 3371 466 3434 tuo
480 3359 621 3416 sententia
634 3378 744 3435 semper
759 3359 789 3417 iu
802 3377 850 3416 ore
1050 3375 1052 3382 ’
1089 3357 1150 3416 205

163 3437 309 3510 Versetur,
324 3435 369 3494 dis
383 3449 465 3512 atque
481 3436 541 3513 ipso
554 3437 625 3494 Jove
640 3437 737 3512 digna,
751 3441 859 3512 pobtae:
1101 3445 1104 3450 “

162 3513 246 3572 Unde
260 3516 375 3586 babeas,
389 3514 490 3590 quarit
503 3534 605 3584 nemo;
626 3517 676 3572 sed
690 3525 797 3591 oportet
811 3513 924 3571 habere.

163 3593 229 3650 Hoc
243 3606 400 3652 monstrant
415 3594 514 3651 vetulae
528 3593 623 3668 pueris
637 3593 799 3670 repentibus
812 3609 902 3648 assas:

163 3670 229 3730 Hoc
242 3672 356 3730 discunt
368 3691 467 3729 omnes
480 3683 546 3728 ante
561 3670 644 3746 alpha
657 3682 686 3728 et
699 3671 764 3728 beta
775 3669 886 3746 puelle.

163 3749 285 3808 Talibus
299 3751 452 3808 instantem
466 3749 581 3808 monitis
594 3767 793 3825 quemcunque
806 3759 961 3825 parentem¹
1090 3748 1150 3820 alo
