<?xml version="1.0" encoding="UTF-8"?>
<!DOCTYPE html PUBLIC "-//W3C//DTD XHTML 1.0 Transitional//EN"
    "http://www.w3.org/TR/xhtml1/DTD/xhtml1-transitional.dtd">
<html xmlns="http://www.w3.org/1999/xhtml" xml:lang="en" lang="en">
 <head>
  <title>
</title>
<meta http-equiv="Content-Type" content="text/html;charset=utf-8" />
  <meta name='ocr-system' content='tesseract 3.04.00' />
  <meta name='ocr-capabilities' content='ocr_page ocr_carea ocr_par ocr_line ocrx_word'/>
</head>
<body>
  <div class='ocr_page' id='page_1' title='image "./decimijuniijuve01levegoog_0035.png"; bbox 0 0 2572 4200; ppageno 0'>
   <div class='ocr_carea' id='block_1_1' title="bbox 551 246 739 296">
    <p class='ocr_par' dir='ltr' id='par_1_1' title="bbox 551 246 739 296">
     <span class='ocr_line' id='line_1_1' title="bbox 551 246 739 296; baseline -0.011 0"><span class='ocrx_word' id='word_1_1' title='bbox 551 246 676 296; x_wconf 77' lang='lat' dir='ltr'>SATlRA</span> <span class='ocrx_word' id='word_1_2' title='bbox 692 247 739 295; x_wconf 80' lang='lat' dir='ltr'>Vl.</span> 
     </span>
    </p>
   </div>
   <div class='ocr_carea' id='block_1_2' title="bbox 158 387 1047 2191">
    <p class='ocr_par' dir='ltr' id='par_1_2' title="bbox 159 387 967 1249">
     <span class='ocr_line' id='line_1_2' title="bbox 160 387 959 464; baseline -0.006 -14"><span class='ocrx_word' id='word_1_3' title='bbox 160 389 301 461; x_wconf 71' lang='lat' dir='ltr'>Putares,</span> <span class='ocrx_word' id='word_1_4' title='bbox 315 401 345 448; x_wconf 90' lang='lat' dir='ltr'>et</span> <span class='ocrx_word' id='word_1_5' title='bbox 357 409 439 448; x_wconf 83' lang='lat' dir='ltr'>overu</span> <span class='ocrx_word' id='word_1_6' title='bbox 454 389 640 462; x_wconf 79' lang='lat' dir='ltr'>Canusinam,</span> <span class='ocrx_word' id='word_1_7' title='bbox 655 387 801 464; x_wconf 82' lang='lat' dir='ltr'>ulmosque</span> <span class='ocrx_word' id='word_1_8' title='bbox 815 387 959 446; x_wconf 81' lang='lat' dir='ltr'>Falernas.</span> 
     </span>
     <span class='ocr_line' id='line_1_3' title="bbox 159 467 956 544; baseline -0.005 -17"><span class='ocrx_word' id='word_1_9' title='bbox 159 469 342 532; x_wconf 71' lang='lat' dir='ltr'>Quantulum</span> <span class='ocrx_word' id='word_1_10' title='bbox 356 469 385 526; x_wconf 94' lang='lat' dir='ltr'>in</span> <span class='ocrx_word' id='word_1_11' title='bbox 399 469 475 526; x_wconf 79' lang='lat' dir='ltr'>host</span> <span class='ocrx_word' id='word_1_12' title='bbox 495 487 597 544; x_wconf 89' lang='lat' dir='ltr'>pueros</span> <span class='ocrx_word' id='word_1_13' title='bbox 610 487 719 538; x_wconf 84' lang='lat' dir='ltr'>omnes,</span> <span class='ocrx_word' id='word_1_14' title='bbox 733 467 875 544; x_wconf 86' lang='lat' dir='ltr'>ergastula</span> <span class='ocrx_word' id='word_1_15' title='bbox 887 477 956 540; x_wconf 88' lang='lat' dir='ltr'>tota,</span> 
     </span>
     <span class='ocr_line' id='line_1_4' title="bbox 159 545 937 624; baseline -0.003 -20"><span class='ocrx_word' id='word_1_16' title='bbox 159 548 303 624; x_wconf 81' lang='lat' dir='ltr'>Quodque</span> <span class='ocrx_word' id='word_1_17' title='bbox 318 548 393 605; x_wconf 90' lang='lat' dir='ltr'>domi</span> <span class='ocrx_word' id='word_1_18' title='bbox 407 567 463 604; x_wconf 93' lang='lat' dir='ltr'>non</span> <span class='ocrx_word' id='word_1_19' title='bbox 478 558 531 618; x_wconf 88' lang='lat' dir='ltr'>est,</span> <span class='ocrx_word' id='word_1_20' title='bbox 545 561 573 608; x_wconf 84' lang='lat' dir='ltr'>et</span> <span class='ocrx_word' id='word_1_21' title='bbox 587 547 672 604; x_wconf 87' lang='lat' dir='ltr'>habet</span> <span class='ocrx_word' id='word_1_22' title='bbox 685 545 805 616; x_wconf 87' lang='lat' dir='ltr'>vicinus,</span> <span class='ocrx_word' id='word_1_23' title='bbox 818 557 937 603; x_wconf 87' lang='lat' dir='ltr'>ematur.</span> 
     </span>
     <span class='ocr_line' id='line_1_5' title="bbox 160 625 911 704; baseline -0.004 -20"><span class='ocrx_word' id='word_1_24' title='bbox 160 627 264 704; x_wconf 82' lang='lat' dir='ltr'>Mense</span> <span class='ocrx_word' id='word_1_25' title='bbox 277 627 392 701; x_wconf 90' lang='lat' dir='ltr'>quidem</span> <span class='ocrx_word' id='word_1_26' title='bbox 406 627 522 697; x_wconf 80' lang='lat' dir='ltr'>brumae,</span> <span class='ocrx_word' id='word_1_27' title='bbox 533 645 589 700; x_wconf 91' lang='lat' dir='ltr'>quo</span> <span class='ocrx_word' id='word_1_28' title='bbox 599 626 658 701; x_wconf 77' lang='lat' dir='ltr'>jam</span> <span class='ocrx_word' id='word_1_29' title='bbox 672 635 811 682; x_wconf 88' lang='lat' dir='ltr'>mercator</span> <span class='ocrx_word' id='word_1_30' title='bbox 825 625 911 682; x_wconf 87' lang='lat' dir='ltr'>lason</span> 
     </span>
     <span class='ocr_line' id='line_1_6' title="bbox 161 703 904 775; baseline -0.003 -13"><span class='ocrx_word' id='word_1_31' title='bbox 161 705 293 775; x_wconf 84' lang='lat' dir='ltr'>Clausus,</span> <span class='ocrx_word' id='word_1_32' title='bbox 307 716 336 761; x_wconf 96' lang='lat' dir='ltr'>et</span> <span class='ocrx_word' id='word_1_33' title='bbox 350 705 464 762; x_wconf 89' lang='lat' dir='ltr'>armatis</span> <span class='ocrx_word' id='word_1_34' title='bbox 477 705 569 762; x_wconf 80' lang='lat' dir='ltr'>obstat</span> <span class='ocrx_word' id='word_1_35' title='bbox 583 722 651 760; x_wconf 86' lang='lat' dir='ltr'>casa</span> <span class='ocrx_word' id='word_1_36' title='bbox 664 703 787 760; x_wconf 89' lang='lat' dir='ltr'>candida</span> <span class='ocrx_word' id='word_1_37' title='bbox 800 703 904 774; x_wconf 89' lang='lat' dir='ltr'>nautis,</span> 
     </span>
     <span class='ocr_line' id='line_1_7' title="bbox 160 781 872 857; baseline -0.003 -17"><span class='ocrx_word' id='word_1_38' title='bbox 160 783 289 850; x_wconf 78' lang='lat' dir='ltr'><strong>Grandia</strong></span> <span class='ocrx_word' id='word_1_39' title='bbox 302 783 438 840; x_wconf 85' lang='lat' dir='ltr'>tolluntur</span> <span class='ocrx_word' id='word_1_40' title='bbox 452 783 624 857; x_wconf 84' lang='lat' dir='ltr'>crystallina,</span> <span class='ocrx_word' id='word_1_41' title='bbox 639 781 762 838; x_wconf 81' lang='lat' dir='ltr'>maxima</span> <span class='ocrx_word' id='word_1_42' title='bbox 775 801 872 838; x_wconf 92' lang='lat' dir='ltr'>rursus</span> 
     </span>
     <span class='ocr_line' id='line_1_8' title="bbox 160 860 967 932; baseline -0.002 -12"><span class='ocrx_word' id='word_1_43' title='bbox 160 860 322 932; x_wconf 88' lang='lat' dir='ltr'>Murrhiua,</span> <span class='ocrx_word' id='word_1_44' title='bbox 336 861 440 918; x_wconf 88' lang='lat' dir='ltr'>deinde</span> <span class='ocrx_word' id='word_1_45' title='bbox 455 862 570 918; x_wconf 85' lang='lat' dir='ltr'>adamas</span> <span class='ocrx_word' id='word_1_46' title='bbox 583 861 756 931; x_wconf 88' lang='lat' dir='ltr'>notissimus,</span> <span class='ocrx_word' id='word_1_47' title='bbox 770 871 799 917; x_wconf 91' lang='lat' dir='ltr'>et</span> <span class='ocrx_word' id='word_1_48' title='bbox 813 860 967 918; x_wconf 71' lang='lat' dir='ltr'><strong>Beronices</strong></span> 
     </span>
     <span class='ocr_line' id='line_1_9' title="bbox 161 939 951 1014; baseline 0 -18"><span class='ocrx_word' id='word_1_49' title='bbox 161 939 196 1002; x_wconf 89' lang='lat' dir='ltr'>ln</span> <span class='ocrx_word' id='word_1_50' title='bbox 210 939 300 1014; x_wconf 86' lang='lat' dir='ltr'>digito</span> <span class='ocrx_word' id='word_1_51' title='bbox 314 940 407 996; x_wconf 82' lang='lat' dir='ltr'>lactus</span> <span class='ocrx_word' id='word_1_52' title='bbox 420 939 585 1014; x_wconf 71' lang='lat' dir='ltr'>pretiosiori</span> <span class='ocrx_word' id='word_1_53' title='bbox 608 941 686 996; x_wconf 92' lang='lat' dir='ltr'>hunc</span> <span class='ocrx_word' id='word_1_54' title='bbox 699 939 777 1004; x_wconf 87' lang='lat' dir='ltr'>dedit</span> <span class='ocrx_word' id='word_1_55' title='bbox 789 939 858 996; x_wconf 91' lang='lat' dir='ltr'>olim</span> <span class='ocrx_word' id='word_1_56' title='bbox 944 994 951 1011; x_wconf 23' lang='grc' dir='ltr'><strong>Ν</strong></span> 
     </span>
     <span class='ocr_line' id='line_1_10' title="bbox 160 1017 880 1092; baseline -0.003 -16"><span class='ocrx_word' id='word_1_57' title='bbox 160 1018 302 1076; x_wconf 90' lang='lat' dir='ltr'>Barbarus</span> <span class='ocrx_word' id='word_1_58' title='bbox 316 1017 442 1088; x_wconf 83' lang='lat' dir='ltr'>incestae,</span> <span class='ocrx_word' id='word_1_59' title='bbox 455 1017 535 1076; x_wconf 90' lang='lat' dir='ltr'>dedit</span> <span class='ocrx_word' id='word_1_60' title='bbox 549 1018 626 1074; x_wconf 91' lang='lat' dir='ltr'>hunc</span> <span class='ocrx_word' id='word_1_61' title='bbox 641 1019 769 1092; x_wconf 80' lang='lat' dir='ltr'><strong>Agrippa</strong></span> <span class='ocrx_word' id='word_1_62' title='bbox 783 1018 880 1090; x_wconf 90' lang='lat' dir='ltr'>sorori,</span> 
     </span>
     <span class='ocr_line' id='line_1_11' title="bbox 160 1095 882 1172; baseline -0.004 -17"><span class='ocrx_word' id='word_1_63' title='bbox 160 1096 322 1155; x_wconf 86' lang='lat' dir='ltr'>Observant</span> <span class='ocrx_word' id='word_1_64' title='bbox 335 1095 384 1152; x_wconf 91' lang='lat' dir='ltr'>ubi</span> <span class='ocrx_word' id='word_1_65' title='bbox 399 1096 471 1152; x_wconf 88' lang='lat' dir='ltr'>sesta</span> <span class='ocrx_word' id='word_1_66' title='bbox 480 1113 562 1153; x_wconf 88' lang='lat' dir='ltr'>mero</span> <span class='ocrx_word' id='word_1_67' title='bbox 574 1097 647 1171; x_wconf 89' lang='lat' dir='ltr'>pede</span> <span class='ocrx_word' id='word_1_68' title='bbox 661 1097 777 1153; x_wconf 83' lang='lat' dir='ltr'>sabbata</span> <span class='ocrx_word' id='word_1_69' title='bbox 790 1115 882 1172; x_wconf 89' lang='lat' dir='ltr'>reges,</span> 
     </span>
     <span class='ocr_line' id='line_1_12' title="bbox 160 1171 848 1249; baseline -0.004 -16"><span class='ocrx_word' id='word_1_70' title='bbox 160 1173 199 1233; x_wconf 88' lang='lat' dir='ltr'>Et</span> <span class='ocrx_word' id='word_1_71' title='bbox 212 1185 293 1231; x_wconf 90' lang='lat' dir='ltr'>vetus</span> <span class='ocrx_word' id='word_1_72' title='bbox 306 1173 434 1248; x_wconf 82' lang='lat' dir='ltr'>indulget</span> <span class='ocrx_word' id='word_1_73' title='bbox 448 1174 564 1234; x_wconf 84' lang='lat' dir='ltr'>senibus</span> <span class='ocrx_word' id='word_1_74' title='bbox 578 1171 729 1234; x_wconf 88' lang='lat' dir='ltr'>clementia</span> <span class='ocrx_word' id='word_1_75' title='bbox 741 1175 848 1249; x_wconf 75' lang='lat' dir='ltr'>porcis.¹</span> 
     </span>
    </p>

    <p class='ocr_par' dir='ltr' id='par_1_3' title="bbox 158 1249 1047 2111">
     <span class='ocr_line' id='line_1_13' title="bbox 201 1249 940 1328; baseline 0.001 -19"><span class='ocrx_word' id='word_1_76' title='bbox 201 1253 326 1310; x_wconf 82' lang='lat' dir='ltr'>Nullane</span> <span class='ocrx_word' id='word_1_77' title='bbox 340 1253 376 1310; x_wconf 87' lang='lat' dir='ltr'>de</span> <span class='ocrx_word' id='word_1_78' title='bbox 390 1253 476 1309; x_wconf 89' lang='lat' dir='ltr'>tantis</span> <span class='ocrx_word' id='word_1_79' title='bbox 490 1252 624 1328; x_wconf 80' lang='lat' dir='ltr'>gregibus</span> <span class='ocrx_word' id='word_1_80' title='bbox 637 1252 689 1310; x_wconf 91' lang='lat' dir='ltr'>tibi</span> <span class='ocrx_word' id='word_1_81' title='bbox 703 1252 791 1328; x_wconf 87' lang='lat' dir='ltr'>digna</span> <span class='ocrx_word' id='word_1_82' title='bbox 805 1249 940 1312; x_wconf 80' lang='lat' dir='ltr'>videturl</span> 
     </span>
     <span class='ocr_line' id='line_1_14' title="bbox 162 1330 881 1403; baseline 0.004 -16"><span class='ocrx_word' id='word_1_83' title='bbox 162 1330 208 1388; x_wconf 86' lang='lat' dir='ltr'>Sit</span> <span class='ocrx_word' id='word_1_84' title='bbox 222 1332 352 1402; x_wconf 82' lang='lat' dir='ltr'>formosa,</span> <span class='ocrx_word' id='word_1_85' title='bbox 367 1331 482 1403; x_wconf 76' lang='lat' dir='ltr'>decens,</span> <span class='ocrx_word' id='word_1_86' title='bbox 497 1331 585 1402; x_wconf 87' lang='lat' dir='ltr'>dives,</span> <span class='ocrx_word' id='word_1_87' title='bbox 600 1331 743 1402; x_wconf 85' lang='lat' dir='ltr'>soecunda,</span> <span class='ocrx_word' id='word_1_88' title='bbox 758 1342 881 1390; x_wconf 87' lang='lat' dir='ltr'>vetustos</span> 
     </span>
     <span class='ocr_line' id='line_1_15' title="bbox 163 1409 792 1484; baseline 0 -18"><span class='ocrx_word' id='word_1_89' title='bbox 163 1409 323 1468; x_wconf 87' lang='lat' dir='ltr'>Porticibus</span> <span class='ocrx_word' id='word_1_90' title='bbox 337 1409 467 1484; x_wconf 78' lang='lat' dir='ltr'>disponat</span> <span class='ocrx_word' id='word_1_91' title='bbox 481 1428 556 1480; x_wconf 88' lang='lat' dir='ltr'>avos,</span> <span class='ocrx_word' id='word_1_92' title='bbox 570 1409 701 1468; x_wconf 80' lang='lat' dir='ltr'>intactior</span> <span class='ocrx_word' id='word_1_93' title='bbox 714 1410 792 1468; x_wconf 90' lang='lat' dir='ltr'>omni</span> 
     </span>
     <span class='ocr_line' id='line_1_16' title="bbox 162 1486 831 1546; baseline 0 -1"><span class='ocrx_word' id='word_1_94' title='bbox 162 1487 297 1545; x_wconf 85' lang='lat' dir='ltr'>Crinibus</span> <span class='ocrx_word' id='word_1_95' title='bbox 311 1486 408 1544; x_wconf 87' lang='lat' dir='ltr'>effusis</span> <span class='ocrx_word' id='word_1_96' title='bbox 423 1487 528 1544; x_wconf 90' lang='lat' dir='ltr'>bellum</span> <span class='ocrx_word' id='word_1_97' title='bbox 541 1488 691 1545; x_wconf 82' lang='lat' dir='ltr'>dirimente</span> <span class='ocrx_word' id='word_1_98' title='bbox 706 1489 831 1546; x_wconf 80' lang='lat' dir='ltr'>Sabina:</span> 
     </span>
     <span class='ocr_line' id='line_1_17' title="bbox 163 1565 987 1647; baseline 0.005 -25"><span class='ocrx_word' id='word_1_99' title='bbox 163 1565 258 1642; x_wconf 77' lang='lat' dir='ltr'>(Rara</span> <span class='ocrx_word' id='word_1_100' title='bbox 271 1565 331 1623; x_wconf 84' lang='lat' dir='ltr'>avis</span> <span class='ocrx_word' id='word_1_101' title='bbox 345 1565 374 1622; x_wconf 95' lang='lat' dir='ltr'>in</span> <span class='ocrx_word' id='word_1_102' title='bbox 388 1566 469 1622; x_wconf 89' lang='lat' dir='ltr'>terris</span> <span class='ocrx_word' id='word_1_103' title='bbox 482 1567 619 1642; x_wconf 89' lang='lat' dir='ltr'>nigroque</span> <span class='ocrx_word' id='word_1_104' title='bbox 633 1566 776 1624; x_wconf 89' lang='lat' dir='ltr'>simillima</span> <span class='ocrx_word' id='word_1_105' title='bbox 789 1569 894 1647; x_wconf 87' lang='lat' dir='ltr'>cycno)</span> <span class='ocrx_word' id='word_1_106' title='bbox 979 1585 987 1598; x_wconf 51' lang='lat'>¹·</span> 
     </span>
     <span class='ocr_line' id='line_1_18' title="bbox 161 1644 910 1719; baseline 0.005 -19"><span class='ocrx_word' id='word_1_107' title='bbox 161 1644 239 1706; x_wconf 81' lang='lat' dir='ltr'>Quis</span> <span class='ocrx_word' id='word_1_108' title='bbox 253 1644 322 1701; x_wconf 82' lang='lat' dir='ltr'>leret</span> <span class='ocrx_word' id='word_1_109' title='bbox 337 1663 462 1716; x_wconf 85' lang='lat' dir='ltr'>uxorem,</span> <span class='ocrx_word' id='word_1_110' title='bbox 476 1645 524 1701; x_wconf 92' lang='lat' dir='ltr'>cui</span> <span class='ocrx_word' id='word_1_111' title='bbox 538 1655 670 1702; x_wconf 89' lang='lat' dir='ltr'>constant</span> <span class='ocrx_word' id='word_1_112' title='bbox 682 1645 799 1703; x_wconf 81' lang='lat' dir='ltr'>omnial</span> <span class='ocrx_word' id='word_1_113' title='bbox 821 1645 910 1719; x_wconf 88' lang='lat' dir='ltr'>Malo,</span> 
     </span>
     <span class='ocr_line' id='line_1_19' title="bbox 163 1721 853 1798; baseline 0.003 -17"><span class='ocrx_word' id='word_1_114' title='bbox 163 1721 242 1782; x_wconf 85' lang='lat' dir='ltr'>Malo</span> <span class='ocrx_word' id='word_1_115' title='bbox 256 1722 443 1794; x_wconf 83' lang='lat' dir='ltr'>Venusinam,</span> <span class='ocrx_word' id='word_1_116' title='bbox 454 1721 540 1798; x_wconf 73' lang='lat' dir='ltr'>quim</span> <span class='ocrx_word' id='word_1_117' title='bbox 553 1735 591 1793; x_wconf 92' lang='lat' dir='ltr'>te,</span> <span class='ocrx_word' id='word_1_118' title='bbox 606 1722 749 1795; x_wconf 88' lang='lat' dir='ltr'>Cornelia,</span> <span class='ocrx_word' id='word_1_119' title='bbox 764 1736 853 1783; x_wconf 87' lang='lat' dir='ltr'>mater</span> 
     </span>
     <span class='ocr_line' id='line_1_20' title="bbox 158 1801 891 1878; baseline 0.003 -20"><span class='ocrx_word' id='word_1_120' title='bbox 158 1801 368 1872; x_wconf 78' lang='lat' dir='ltr'>Gracchorum,</span> <span class='ocrx_word' id='word_1_121' title='bbox 383 1801 487 1857; x_wconf 90' lang='lat' dir='ltr'>sicum</span> <span class='ocrx_word' id='word_1_122' title='bbox 501 1801 613 1878; x_wconf 88' lang='lat' dir='ltr'>magnis</span> <span class='ocrx_word' id='word_1_123' title='bbox 626 1803 776 1858; x_wconf 88' lang='lat' dir='ltr'>virtutibus</span> <span class='ocrx_word' id='word_1_124' title='bbox 790 1803 873 1860; x_wconf 88' lang='lat' dir='ltr'>affers</span> <span class='ocrx_word' id='word_1_125' title='bbox 889 1807 891 1810; x_wconf 80' lang='grc'><strong>’</strong></span> 
     </span>
     <span class='ocr_line' id='line_1_21' title="bbox 163 1879 980 1956; baseline 0.001 -20"><span class='ocrx_word' id='word_1_126' title='bbox 163 1879 279 1936; x_wconf 88' lang='lat' dir='ltr'>Grande</span> <span class='ocrx_word' id='word_1_127' title='bbox 293 1879 486 1954; x_wconf 88' lang='lat' dir='ltr'>supercilium,</span> <span class='ocrx_word' id='word_1_128' title='bbox 500 1890 529 1936; x_wconf 90' lang='lat' dir='ltr'>et</span> <span class='ocrx_word' id='word_1_129' title='bbox 544 1899 677 1936; x_wconf 87' lang='lat' dir='ltr'>numeras</span> <span class='ocrx_word' id='word_1_130' title='bbox 691 1880 720 1936; x_wconf 93' lang='lat' dir='ltr'>in</span> <span class='ocrx_word' id='word_1_131' title='bbox 735 1880 800 1937; x_wconf 89' lang='lat' dir='ltr'>dote</span> <span class='ocrx_word' id='word_1_132' title='bbox 814 1882 980 1956; x_wconf 91' lang='lat' dir='ltr'>triumphos.</span> 
     </span>
     <span class='ocr_line' id='line_1_22' title="bbox 164 1951 1047 2034; baseline 0.001 -20"><span class='ocrx_word' id='word_1_133' title='bbox 164 1951 249 2014; x_wconf 84' lang='lat' dir='ltr'>Tolle</span> <span class='ocrx_word' id='word_1_134' title='bbox 263 1967 354 2029; x_wconf 89' lang='lat' dir='ltr'>tuum,</span> <span class='ocrx_word' id='word_1_135' title='bbox 367 1977 477 2033; x_wconf 91' lang='lat' dir='ltr'>precor,</span> <span class='ocrx_word' id='word_1_136' title='bbox 491 1957 695 2029; x_wconf 85' lang='lat' dir='ltr'>Hannibalern,</span> <span class='ocrx_word' id='word_1_137' title='bbox 709 1957 871 2032; x_wconf 86' lang='lat' dir='ltr'>victumque</span> <span class='ocrx_word' id='word_1_138' title='bbox 886 1959 1047 2034; x_wconf 82' lang='lat' dir='ltr'>Syphacem</span> 
     </span>
     <span class='ocr_line' id='line_1_23' title="bbox 164 2034 820 2111; baseline 0 -19"><span class='ocrx_word' id='word_1_139' title='bbox 164 2034 200 2093; x_wconf 93' lang='lat' dir='ltr'>In</span> <span class='ocrx_word' id='word_1_140' title='bbox 214 2035 325 2107; x_wconf 82' lang='lat' dir='ltr'>caenis,</span> <span class='ocrx_word' id='word_1_141' title='bbox 339 2044 368 2094; x_wconf 90' lang='lat' dir='ltr'>et</span> <span class='ocrx_word' id='word_1_142' title='bbox 381 2054 448 2092; x_wconf 87' lang='lat' dir='ltr'>cum</span> <span class='ocrx_word' id='word_1_143' title='bbox 461 2035 520 2110; x_wconf 72' lang='lat' dir='ltr'>teti</span> <span class='ocrx_word' id='word_1_144' title='bbox 534 2036 709 2110; x_wconf 81' lang='lat' dir='ltr'>Carthagine</span> <span class='ocrx_word' id='word_1_145' title='bbox 723 2035 820 2111; x_wconf 88' lang='lat' dir='ltr'>migra.</span> 
     </span>
    </p>

    <p class='ocr_par' dir='ltr' id='par_1_4' title="bbox 203 2113 958 2191">
     <span class='ocr_line' id='line_1_24' title="bbox 203 2113 958 2191; baseline 0.003 -21"><span class='ocrx_word' id='word_1_146' title='bbox 203 2113 304 2184; x_wconf 87' lang='lat' dir='ltr'>Parce,</span> <span class='ocrx_word' id='word_1_147' title='bbox 317 2133 425 2190; x_wconf 88' lang='lat' dir='ltr'>precor,</span> <span class='ocrx_word' id='word_1_148' title='bbox 440 2113 536 2185; x_wconf 78' lang='lat' dir='ltr'>Poean,</span> <span class='ocrx_word' id='word_1_149' title='bbox 551 2125 579 2172; x_wconf 90' lang='lat' dir='ltr'>et</span> <span class='ocrx_word' id='word_1_150' title='bbox 592 2126 633 2184; x_wconf 91' lang='lat' dir='ltr'>tu,</span> <span class='ocrx_word' id='word_1_151' title='bbox 647 2114 720 2186; x_wconf 89' lang='lat' dir='ltr'>Dea,</span> <span class='ocrx_word' id='word_1_152' title='bbox 734 2133 807 2190; x_wconf 86' lang='lat' dir='ltr'>pone</span> <span class='ocrx_word' id='word_1_153' title='bbox 821 2114 958 2191; x_wconf 79' lang='lat' dir='ltr'>sagittas3</span> 
     </span>
    </p>
   </div>
   <div class='ocr_carea' id='block_1_3' title="bbox 161 2189 977 2718">
    <p class='ocr_par' dir='ltr' id='par_1_5' title="bbox 161 2189 952 2504">
     <span class='ocr_line' id='line_1_25' title="bbox 164 2189 843 2269; baseline 0.003 -21"><span class='ocrx_word' id='word_1_154' title='bbox 164 2189 216 2248; x_wconf 89' lang='lat' dir='ltr'>Nil</span> <span class='ocrx_word' id='word_1_155' title='bbox 230 2192 310 2266; x_wconf 90' lang='lat' dir='ltr'>pueri</span> <span class='ocrx_word' id='word_1_156' title='bbox 325 2192 442 2264; x_wconf 81' lang='lat' dir='ltr'>faciunt,</span> <span class='ocrx_word' id='word_1_157' title='bbox 456 2191 546 2267; x_wconf 89' lang='lat' dir='ltr'>ipsam</span> <span class='ocrx_word' id='word_1_158' title='bbox 561 2192 694 2269; x_wconf 84' lang='lat' dir='ltr'>conligite</span> <span class='ocrx_word' id='word_1_159' title='bbox 708 2195 843 2250; x_wconf 84' lang='lat' dir='ltr'>matrem!</span> 
     </span>
     <span class='ocr_line' id='line_1_26' title="bbox 161 2270 893 2345; baseline 0.004 -19"><span class='ocrx_word' id='word_1_160' title='bbox 161 2271 308 2345; x_wconf 76' lang='lat' dir='ltr'>¹Amphion</span> <span class='ocrx_word' id='word_1_161' title='bbox 323 2271 427 2328; x_wconf 86' lang='lat' dir='ltr'>clamet</span> <span class='ocrx_word' id='word_1_162' title='bbox 437 2289 443 2326; x_wconf 93' lang='lat'>:</span> <span class='ocrx_word' id='word_1_163' title='bbox 453 2276 456 2277; x_wconf 71' lang='grc'>’</span> <span class='ocrx_word' id='word_1_164' title='bbox 465 2271 515 2328; x_wconf 90' lang='lat' dir='ltr'>sed</span> <span class='ocrx_word' id='word_1_165' title='bbox 529 2270 616 2327; x_wconf 82' lang='lat' dir='ltr'>Paean</span> <span class='ocrx_word' id='word_1_166' title='bbox 631 2271 772 2329; x_wconf 86' lang='lat' dir='ltr'>contrahit</span> <span class='ocrx_word' id='word_1_167' title='bbox 787 2290 893 2329; x_wconf 82' lang='lat' dir='ltr'>arcum.</span> 
     </span>
     <span class='ocr_line' id='line_1_27' title="bbox 164 2346 952 2426; baseline 0.003 -22"><span class='ocrx_word' id='word_1_168' title='bbox 164 2347 276 2406; x_wconf 83' lang='lat' dir='ltr'>Extulit</span> <span class='ocrx_word' id='word_1_169' title='bbox 288 2346 357 2424; x_wconf 78' lang='lat' dir='ltr'>ergo</span> <span class='ocrx_word' id='word_1_170' title='bbox 370 2367 473 2423; x_wconf 86' lang='lat' dir='ltr'>greges</span> <span class='ocrx_word' id='word_1_171' title='bbox 483 2359 623 2420; x_wconf 87' lang='lat' dir='ltr'>natorum,</span> <span class='ocrx_word' id='word_1_172' title='bbox 635 2349 782 2424; x_wconf 89' lang='lat' dir='ltr'>ipsumque</span> <span class='ocrx_word' id='word_1_173' title='bbox 796 2362 952 2426; x_wconf 89' lang='lat' dir='ltr'>parentem,</span> 
     </span>
     <span class='ocr_line' id='line_1_28' title="bbox 165 2425 806 2504; baseline 0.003 -21"><span class='ocrx_word' id='word_1_174' title='bbox 165 2425 243 2483; x_wconf 90' lang='lat' dir='ltr'>Dum</span> <span class='ocrx_word' id='word_1_175' title='bbox 257 2427 311 2484; x_wconf 86' lang='lat' dir='ltr'>sibi</span> <span class='ocrx_word' id='word_1_176' title='bbox 325 2426 444 2484; x_wconf 72' lang='lat' dir='ltr'>nobilior</span> <span class='ocrx_word' id='word_1_177' title='bbox 458 2426 575 2484; x_wconf 80' lang='lat' dir='ltr'>Latonae</span> <span class='ocrx_word' id='word_1_178' title='bbox 588 2441 672 2504; x_wconf 81' lang='lat' dir='ltr'>gente</span> <span class='ocrx_word' id='word_1_179' title='bbox 687 2427 806 2499; x_wconf 91' lang='lat' dir='ltr'>videtur,</span> 
     </span>
    </p>

    <p class='ocr_par' dir='ltr' id='par_1_6' title="bbox 164 2505 849 2580">
     <span class='ocr_line' id='line_1_29' title="bbox 164 2505 849 2580; baseline 0.001 -18"><span class='ocrx_word' id='word_1_180' title='bbox 164 2505 262 2580; x_wconf 83' lang='lat' dir='ltr'>Atque</span> <span class='ocrx_word' id='word_1_181' title='bbox 275 2505 374 2562; x_wconf 87' lang='lat' dir='ltr'>eadem</span> <span class='ocrx_word' id='word_1_182' title='bbox 389 2505 481 2562; x_wconf 67' lang='lat' dir='ltr'>scrofa</span> <span class='ocrx_word' id='word_1_183' title='bbox 496 2505 589 2566; x_wconf 87' lang='lat' dir='ltr'>Niobe</span> <span class='ocrx_word' id='word_1_184' title='bbox 603 2506 762 2564; x_wconf 72' lang='lat' dir='ltr'>foecundior</span> <span class='ocrx_word' id='word_1_185' title='bbox 777 2506 849 2563; x_wconf 78' lang='lat' dir='ltr'>alba.</span> 
     </span>
    </p>

    <p class='ocr_par' dir='ltr' id='par_1_7' title="bbox 164 2583 977 2718">
     <span class='ocr_line' id='line_1_30' title="bbox 164 2583 977 2718; baseline 0.004 -79"><span class='ocrx_word' id='word_1_186' title='bbox 164 2583 242 2646; x_wconf 71' lang='lat' dir='ltr'>Quae</span> <span class='ocrx_word' id='word_1_187' title='bbox 255 2583 327 2640; x_wconf 89' lang='lat' dir='ltr'>tanti</span> <span class='ocrx_word' id='word_1_188' title='bbox 341 2583 474 2718; x_wconf 63' lang='lat' dir='ltr'>gqavitaS,</span> <span class='ocrx_word' id='word_1_189' title='bbox 488 2603 551 2658; x_wconf 80' lang='lat' dir='ltr'>quae</span> <span class='ocrx_word' id='word_1_190' title='bbox 566 2585 664 2655; x_wconf 92' lang='lat' dir='ltr'>sorma,</span> <span class='ocrx_word' id='word_1_191' title='bbox 674 2595 710 2646; x_wconf 62' lang='lat' dir='ltr'>xut</span> <span class='ocrx_word' id='word_1_192' title='bbox 723 2605 754 2642; x_wconf 87' lang='lat' dir='ltr'>se</span> <span class='ocrx_word' id='word_1_193' title='bbox 767 2585 819 2641; x_wconf 93' lang='lat' dir='ltr'>tibi</span> <span class='ocrx_word' id='word_1_194' title='bbox 833 2603 943 2662; x_wconf 85' lang='lat' dir='ltr'>semper</span> <span class='ocrx_word' id='word_1_195' title='bbox 971 2629 977 2632; x_wconf 87' lang='lat'><em>-</em></span> 
     </span>
    </p>
   </div>
   <div class='ocr_carea' id='block_1_4' title="bbox 147 2660 1013 3831">
    <p class='ocr_par' dir='ltr' id='par_1_8' title="bbox 147 2660 1013 3831">
     <span class='ocr_line' id='line_1_31' title="bbox 165 2660 954 2738; baseline 0.001 -21"><span class='ocrx_word' id='word_1_196' title='bbox 165 2660 315 2736; x_wconf 78' lang='lat' dir='ltr'>Imputetl</span> <span class='ocrx_word' id='word_1_197' title='bbox 376 2661 440 2738; x_wconf 91' lang='lat' dir='ltr'>ujus</span> <span class='ocrx_word' id='word_1_198' title='bbox 453 2663 530 2718; x_wconf 87' lang='lat' dir='ltr'>enirn</span> <span class='ocrx_word' id='word_1_199' title='bbox 545 2662 602 2719; x_wconf 89' lang='lat' dir='ltr'>rari</span> <span class='ocrx_word' id='word_1_200' title='bbox 615 2663 775 2738; x_wconf 86' lang='lat' dir='ltr'>summique</span> <span class='ocrx_word' id='word_1_201' title='bbox 786 2663 914 2737; x_wconf 86' lang='lat' dir='ltr'>voluptas</span> <span class='ocrx_word' id='word_1_202' title='bbox 951 2675 954 2682; x_wconf 89' lang='grc'><strong><em>’</em></strong></span> 
     </span>
     <span class='ocr_line' id='line_1_32' title="bbox 165 2739 856 2816; baseline -0.001 -18"><span class='ocrx_word' id='word_1_203' title='bbox 165 2739 255 2798; x_wconf 89' lang='lat' dir='ltr'>Nulla</span> <span class='ocrx_word' id='word_1_204' title='bbox 269 2739 344 2810; x_wconf 92' lang='lat' dir='ltr'>boni,</span> <span class='ocrx_word' id='word_1_205' title='bbox 358 2739 467 2814; x_wconf 89' lang='lat' dir='ltr'>quoties</span> <span class='ocrx_word' id='word_1_206' title='bbox 481 2740 576 2798; x_wconf 92' lang='lat' dir='ltr'>animo</span> <span class='ocrx_word' id='word_1_207' title='bbox 590 2741 856 2816; x_wconf 77' lang='lat' dir='ltr'>corruptasuperbo</span> 
     </span>
     <span class='ocr_line' id='line_1_33' title="bbox 166 2817 1013 2896; baseline -0.001 -20"><span class='ocrx_word' id='word_1_208' title='bbox 166 2817 234 2876; x_wconf 89' lang='lat' dir='ltr'>Plus</span> <span class='ocrx_word' id='word_1_209' title='bbox 247 2818 336 2889; x_wconf 74' lang='lat' dir='ltr'>aloes,</span> <span class='ocrx_word' id='word_1_210' title='bbox 350 2817 436 2893; x_wconf 79' lang='lat' dir='ltr'>quim</span> <span class='ocrx_word' id='word_1_211' title='bbox 451 2817 551 2896; x_wconf 74' lang='lat' dir='ltr'>mellis,</span> <span class='ocrx_word' id='word_1_212' title='bbox 567 2818 659 2875; x_wconf 88' lang='lat' dir='ltr'>habet.</span> <span class='ocrx_word' id='word_1_213' title='bbox 700 2819 777 2880; x_wconf 79' lang='lat' dir='ltr'>Quis</span> <span class='ocrx_word' id='word_1_214' title='bbox 790 2819 904 2875; x_wconf 88' lang='lat' dir='ltr'>deditus</span> <span class='ocrx_word' id='word_1_215' title='bbox 918 2829 1013 2877; x_wconf 88' lang='lat' dir='ltr'>autem</span> 
     </span>
     <span class='ocr_line' id='line_1_34' title="bbox 166 2893 983 2972; baseline 0 -19"><span class='ocrx_word' id='word_1_216' title='bbox 166 2896 262 2972; x_wconf 87' lang='lat' dir='ltr'>Usque</span> <span class='ocrx_word' id='word_1_217' title='bbox 276 2893 348 2952; x_wconf 82' lang='lat' dir='ltr'>aded</span> <span class='ocrx_word' id='word_1_218' title='bbox 362 2908 415 2968; x_wconf 90' lang='lat' dir='ltr'>est,</span> <span class='ocrx_word' id='word_1_219' title='bbox 430 2907 533 2954; x_wconf 87' lang='lat' dir='ltr'>utnon</span> <span class='ocrx_word' id='word_1_220' title='bbox 548 2897 633 2968; x_wconf 91' lang='lat' dir='ltr'>illam,</span> <span class='ocrx_word' id='word_1_221' title='bbox 647 2915 732 2972; x_wconf 88' lang='lat' dir='ltr'>quam</span> <span class='ocrx_word' id='word_1_222' title='bbox 746 2897 879 2956; x_wconf 86' lang='lat' dir='ltr'>laudibus</span> <span class='ocrx_word' id='word_1_223' title='bbox 892 2898 983 2967; x_wconf 84' lang='lat' dir='ltr'>effert,</span> 
     </span>
     <span class='ocr_line' id='line_1_35' title="bbox 147 2971 809 3051; baseline 0 -19"><span class='ocrx_word' id='word_1_224' title='bbox 147 2971 149 2975; x_wconf 63' lang='grc'>’</span> <span class='ocrx_word' id='word_1_225' title='bbox 166 2973 299 3045; x_wconf 89' lang='lat' dir='ltr'>Horreat,</span> <span class='ocrx_word' id='word_1_226' title='bbox 314 2975 398 3049; x_wconf 85' lang='lat' dir='ltr'>inque</span> <span class='ocrx_word' id='word_1_227' title='bbox 412 2975 459 3032; x_wconf 90' lang='lat' dir='ltr'>die</span> <span class='ocrx_word' id='word_1_228' title='bbox 472 2975 596 3051; x_wconf 84' lang='lat' dir='ltr'>septenis</span> <span class='ocrx_word' id='word_1_229' title='bbox 608 2976 700 3032; x_wconf 89' lang='lat' dir='ltr'>oderit</span> <span class='ocrx_word' id='word_1_230' title='bbox 713 2977 809 3033; x_wconf 79' lang='lat' dir='ltr'>horisl</span> 
     </span>
     <span class='ocr_line' id='line_1_36' title="bbox 204 3052 1013 3128; baseline -0.002 -15"><span class='ocrx_word' id='word_1_231' title='bbox 204 3052 349 3114; x_wconf 78' lang='lat' dir='ltr'>Quadam</span> <span class='ocrx_word' id='word_1_232' title='bbox 363 3053 448 3127; x_wconf 83' lang='lat' dir='ltr'>parva</span> <span class='ocrx_word' id='word_1_233' title='bbox 461 3054 586 3128; x_wconf 91' lang='lat' dir='ltr'>quidem,</span> <span class='ocrx_word' id='word_1_234' title='bbox 600 3054 650 3110; x_wconf 89' lang='lat' dir='ltr'>sed</span> <span class='ocrx_word' id='word_1_235' title='bbox 665 3074 722 3112; x_wconf 91' lang='lat' dir='ltr'>non</span> <span class='ocrx_word' id='word_1_236' title='bbox 736 3055 882 3112; x_wconf 86' lang='lat' dir='ltr'>toleranda</span> <span class='ocrx_word' id='word_1_237' title='bbox 896 3054 1013 3112; x_wconf 86' lang='lat' dir='ltr'>maritis.</span> 
     </span>
     <span class='ocr_line' id='line_1_37' title="bbox 166 3129 967 3208; baseline 0.001 -19"><span class='ocrx_word' id='word_1_238' title='bbox 166 3131 243 3189; x_wconf 86' lang='lat' dir='ltr'>Nam</span> <span class='ocrx_word' id='word_1_239' title='bbox 256 3131 324 3207; x_wconf 91' lang='lat' dir='ltr'>quid</span> <span class='ocrx_word' id='word_1_240' title='bbox 339 3131 494 3202; x_wconf 88' lang='lat' dir='ltr'>rancidius,</span> <span class='ocrx_word' id='word_1_241' title='bbox 507 3129 593 3206; x_wconf 79' lang='lat' dir='ltr'>quim</span> <span class='ocrx_word' id='word_1_242' title='bbox 606 3129 685 3206; x_wconf 78' lang='lat' dir='ltr'>qudd</span> <span class='ocrx_word' id='word_1_243' title='bbox 698 3151 728 3188; x_wconf 90' lang='lat' dir='ltr'>se</span> <span class='ocrx_word' id='word_1_244' title='bbox 743 3152 800 3190; x_wconf 90' lang='lat' dir='ltr'>non</span> <span class='ocrx_word' id='word_1_245' title='bbox 813 3143 895 3208; x_wconf 85' lang='lat' dir='ltr'>putat</span> <span class='ocrx_word' id='word_1_246' title='bbox 908 3133 967 3190; x_wconf 87' lang='lat' dir='ltr'>ulla</span> 
     </span>
     <span class='ocr_line' id='line_1_38' title="bbox 166 3208 967 3282; baseline 0 -16"><span class='ocrx_word' id='word_1_247' title='bbox 166 3209 343 3280; x_wconf 84' lang='lat' dir='ltr'>Formosam,</span> <span class='ocrx_word' id='word_1_248' title='bbox 357 3208 412 3266; x_wconf 89' lang='lat' dir='ltr'>nisi</span> <span class='ocrx_word' id='word_1_249' title='bbox 426 3227 488 3282; x_wconf 80' lang='lat' dir='ltr'>quae</span> <span class='ocrx_word' id='word_1_250' title='bbox 503 3211 538 3266; x_wconf 91' lang='lat' dir='ltr'>de</span> <span class='ocrx_word' id='word_1_251' title='bbox 553 3209 653 3266; x_wconf 73' lang='lat' dir='ltr'>Tusca</span> <span class='ocrx_word' id='word_1_252' title='bbox 667 3211 800 3268; x_wconf 71' lang='lat' dir='ltr'>Graecula</span> <span class='ocrx_word' id='word_1_253' title='bbox 814 3212 889 3268; x_wconf 82' lang='lat' dir='ltr'>sacta</span> <span class='ocrx_word' id='word_1_254' title='bbox 903 3211 967 3267; x_wconf 86' lang='lat' dir='ltr'>estl</span> 
     </span>
     <span class='ocr_line' id='line_1_39' title="bbox 166 3285 947 3362; baseline -0.003 -14"><span class='ocrx_word' id='word_1_255' title='bbox 166 3287 212 3348; x_wconf 78' lang='lat' dir='ltr'>De</span> <span class='ocrx_word' id='word_1_256' title='bbox 226 3287 410 3345; x_wconf 84' lang='lat' dir='ltr'>Sulmonensi</span> <span class='ocrx_word' id='word_1_257' title='bbox 424 3305 502 3345; x_wconf 89' lang='lat' dir='ltr'>mera</span> <span class='ocrx_word' id='word_1_258' title='bbox 515 3287 673 3362; x_wconf 84' lang='lat' dir='ltr'>Cecropisl</span> <span class='ocrx_word' id='word_1_259' title='bbox 713 3289 821 3345; x_wconf 90' lang='lat' dir='ltr'>Omnia</span> <span class='ocrx_word' id='word_1_260' title='bbox 833 3285 947 3360; x_wconf 71' lang='lat' dir='ltr'>Graece,</span> 
     </span>
     <span class='ocr_line' id='line_1_40' title="bbox 165 3363 886 3440; baseline 0 -18"><span class='ocrx_word' id='word_1_261' title='bbox 165 3367 269 3430; x_wconf 84' lang='lat' dir='ltr'>Quum</span> <span class='ocrx_word' id='word_1_262' title='bbox 283 3365 319 3422; x_wconf 91' lang='lat' dir='ltr'>sit</span> <span class='ocrx_word' id='word_1_263' title='bbox 332 3376 414 3440; x_wconf 90' lang='lat' dir='ltr'>turpe</span> <span class='ocrx_word' id='word_1_264' title='bbox 428 3363 520 3440; x_wconf 87' lang='lat' dir='ltr'>magis</span> <span class='ocrx_word' id='word_1_265' title='bbox 534 3366 636 3422; x_wconf 88' lang='lat' dir='ltr'>nostris</span> <span class='ocrx_word' id='word_1_266' title='bbox 650 3367 760 3424; x_wconf 83' lang='lat' dir='ltr'>neseire</span> <span class='ocrx_word' id='word_1_267' title='bbox 774 3364 886 3423; x_wconf 74' lang='lat' dir='ltr'>Latine.</span> 
     </span>
     <span class='ocr_line' id='line_1_41' title="bbox 167 3443 915 3519; baseline -0.005 -17"><span class='ocrx_word' id='word_1_268' title='bbox 167 3445 233 3502; x_wconf 88' lang='lat' dir='ltr'>Hoc</span> <span class='ocrx_word' id='word_1_269' title='bbox 247 3463 379 3505; x_wconf 85' lang='lat' dir='ltr'>sermone</span> <span class='ocrx_word' id='word_1_270' title='bbox 394 3455 506 3519; x_wconf 90' lang='lat' dir='ltr'>pavent,</span> <span class='ocrx_word' id='word_1_271' title='bbox 522 3444 576 3500; x_wconf 91' lang='lat' dir='ltr'>hoc</span> <span class='ocrx_word' id='word_1_272' title='bbox 591 3443 673 3516; x_wconf 91' lang='lat' dir='ltr'>iram,</span> <span class='ocrx_word' id='word_1_273' title='bbox 688 3444 804 3519; x_wconf 88' lang='lat' dir='ltr'>gaudia,</span> <span class='ocrx_word' id='word_1_274' title='bbox 819 3461 915 3514; x_wconf 87' lang='lat' dir='ltr'>curas,</span> 
     </span>
     <span class='ocr_line' id='line_1_42' title="bbox 166 3519 991 3594; baseline -0.005 -14"><span class='ocrx_word' id='word_1_275' title='bbox 166 3522 233 3582; x_wconf 83' lang='lat' dir='ltr'>Hoc</span> <span class='ocrx_word' id='word_1_276' title='bbox 247 3533 353 3579; x_wconf 89' lang='lat' dir='ltr'>cuncta</span> <span class='ocrx_word' id='word_1_277' title='bbox 365 3520 516 3578; x_wconf 87' lang='lat' dir='ltr'>effundunt</span> <span class='ocrx_word' id='word_1_278' title='bbox 529 3520 617 3576; x_wconf 89' lang='lat' dir='ltr'>animi</span> <span class='ocrx_word' id='word_1_279' title='bbox 631 3533 756 3579; x_wconf 87' lang='lat' dir='ltr'>secreta:</span> <span class='ocrx_word' id='word_1_280' title='bbox 776 3520 843 3594; x_wconf 92' lang='lat' dir='ltr'>quid</span> <span class='ocrx_word' id='word_1_281' title='bbox 856 3519 991 3577; x_wconf 80' lang='lat' dir='ltr'>ultral-</span> 
     </span>
     <span class='ocr_line' id='line_1_43' title="bbox 207 3595 898 3676; baseline -0.006 -18"><span class='ocrx_word' id='word_1_282' title='bbox 207 3601 239 3658; x_wconf 87' lang='lat' dir='ltr'>Si</span> <span class='ocrx_word' id='word_1_283' title='bbox 253 3600 305 3658; x_wconf 91' lang='lat' dir='ltr'>tibi</span> <span class='ocrx_word' id='word_1_284' title='bbox 319 3597 454 3676; x_wconf 90' lang='lat' dir='ltr'>legitimis</span> <span class='ocrx_word' id='word_1_285' title='bbox 467 3608 579 3672; x_wconf 87' lang='lat' dir='ltr'>pactam</span> <span class='ocrx_word' id='word_1_286' title='bbox 588 3597 773 3673; x_wconf 87' lang='lat' dir='ltr'>junctamque</span> <span class='ocrx_word' id='word_1_287' title='bbox 787 3595 898 3654; x_wconf 87' lang='lat' dir='ltr'>tabellis</span> 
     </span>
     <span class='ocr_line' id='line_1_44' title="bbox 167 3674 806 3746; baseline -0.009 -8"><span class='ocrx_word' id='word_1_288' title='bbox 167 3679 235 3737; x_wconf 93' lang='lat' dir='ltr'>Non</span> <span class='ocrx_word' id='word_1_289' title='bbox 249 3699 281 3736; x_wconf 90' lang='lat' dir='ltr'>es</span> <span class='ocrx_word' id='word_1_290' title='bbox 295 3689 450 3746; x_wconf 88' lang='lat' dir='ltr'>amaturus,</span> <span class='ocrx_word' id='word_1_291' title='bbox 464 3674 589 3733; x_wconf 87' lang='lat' dir='ltr'>ducendi</span> <span class='ocrx_word' id='word_1_292' title='bbox 603 3676 683 3732; x_wconf 85' lang='lat' dir='ltr'>nulla</span> <span class='ocrx_word' id='word_1_293' title='bbox 696 3675 806 3732; x_wconf 89' lang='lat' dir='ltr'>videtur</span> 
     </span>
     <span class='ocr_line' id='line_1_45' title="bbox 167 3754 977 3831; baseline -0.009 -15"><span class='ocrx_word' id='word_1_294' title='bbox 167 3758 265 3816; x_wconf 83' lang='lat' dir='ltr'>Causa</span> <span class='ocrx_word' id='word_1_295' title='bbox 273 3776 281 3827; x_wconf 76' lang='grc' dir='ltr'><strong><em>ς</em></strong></span> <span class='ocrx_word' id='word_1_296' title='bbox 302 3774 358 3816; x_wconf 86' lang='lat' dir='ltr'>nec</span> <span class='ocrx_word' id='word_1_297' title='bbox 372 3765 424 3828; x_wconf 88' lang='lat' dir='ltr'>est,</span> <span class='ocrx_word' id='word_1_298' title='bbox 438 3771 525 3830; x_wconf 87' lang='lat' dir='ltr'>quare</span> <span class='ocrx_word' id='word_1_299' title='bbox 539 3770 650 3810; x_wconf 71' lang='lat' dir='ltr'>curnam</span> <span class='ocrx_word' id='word_1_300' title='bbox 664 3765 693 3810; x_wconf 89' lang='lat' dir='ltr'>et</span> <span class='ocrx_word' id='word_1_301' title='bbox 706 3762 853 3811; x_wconf 89' lang='lat' dir='ltr'>mustacea</span> <span class='ocrx_word' id='word_1_302' title='bbox 865 3754 977 3831; x_wconf 88' lang='lat' dir='ltr'>perdas,</span> 
     </span>
    </p>
   </div>
   <div class='ocr_carea' id='block_1_5' title="bbox 0 0 1295 4200">
    <p class='ocr_par' dir='ltr' id='par_1_9' title="bbox 0 0 1295 4200">
     <span class='ocr_line' id='line_1_46' title="bbox 0 0 1295 4200; baseline 0 0"><span class='ocrx_word' id='word_1_303' title='bbox 0 0 1295 4200; x_wconf 95' lang='lat' dir='ltr'> </span> 
     </span>
    </p>
   </div>
  </div>
 </body>
</html>
