2614 4186
495 245 498 254 s
567 216 691 266 ιιιιιι
709 217 743 265 ιι
1100 183 1147 278 pr,

98 359 281 422 Ὠιιιι
253 379 307 417 ursi
298 358 447 416 seductis
460 376 585 433 nequens
598 359 775 418 committere
789 317 869 418 diris

163 428 205 496 At
219 439 292 495 bona
305 456 370 527 pers
382 455 529 514 procerum
544 437 631 494 tacitd
645 438 742 495 libavit
755 426 861 494 acerui.
1126 438 1148 494 5

165 517 250 573 Haud
266 533 356 572 curvis
369 525 527 591 promptum
548 527 600 586 est,
620 533 801 606 murmurque
823 513 999 589 humilesque
1018 533 1146 572 susurros

164 593 279 652 Tollere
294 594 329 650 de
343 593 454 667 temple
432 603 498 649 ιιι
512 605 608 668 epcrto
622 594 714 650 vivere
729 605 801 650 voto

165 671 250 730 Mens
265 672 348 742 bone,
363 671 447 742 same,
459 669 538 742 fides,
554 671 615 727 brec
626 668 714 742 clare,
728 683 757 728 et
770 681 802 728 ut
814 669 911 728 eudist
924 641 1042 762 hospes.

165 751 218 808 Illo
231 751 306 807 sibi'
299 759 450 807 introrsum
464 761 493 805 et
507 749 559 806 sub
573 749 692 824 lingua'
686 759 900 808 immurmuret:
919 748 984 807 0·
962 765 988 806 ιι

165 828 271 888 Ebullit
285 839 410 904 patruus,
424 828 591 915 praeclerum
606 828 706 884 funus!
728 838 766 899 et,
780 827 845 886 O'
822 845 847 884 ιι
890 884 894 892 ,
1080 853 1082 860 ,
1113 829 1146 884 10

165 907 227 964 Sub
241 917 331 963 ιιιιιο
344 916 440 980 crepet
453 905 564 981 argenti
578 905 647 963 mihi
662 906 746 978 seris,
762 907 870 965 dextro

166 983 307 1042 Hercule!
329 983 500 1061 pupillumve
515 983 624 1041 utinum
627 1003 733 1058 ,quem
747 985 891 1059 proximus
905 983 996 1041 hreres

166 1062 295 1138 Impello‚
310 1080 487 1139 expungam:
507 1069 666 1138 nemque
639 1074 685 1118 cst
699 1062 855 1133 scabiosus,
865 1073 895 1119 et
908 1058 967 1120 scri

166 1141 228 1200 Bile
243 1150 340 1198 tumet.
382 1139 493 1200 Nerio
482 1157 541 1216 ιιιιι
555 1141 637 1196 tertia
651 1129 764 1208 ducitur
778 1141 864 1197 uxori

166 1219 239 1278 llaec
253 1215 352 1276 sonctd
368 1229 398 1274 ut
411 1237 521 1294 posces,
536 1217 719 1275 Tiberinum
733 1218 844 1294 gurgite
858 1217 963 1294 mergis
1062 1289 1066 1297 Ι
1111 1219 1147 1276 15

167 1295 255 1355 Mane
266 1307 351 1372 ceput
365 1296 408 1354 bis
422 1307 530 1370 terque,
542 1307 571 1353 et
584 1307 698 1353 noctem
712 1295 830 1354 flumine
843 1315 955 1373 purges.

206 1376 288 1434 Heus
301 1394 364 1451 ege,
376 1375 531 1450 responde:
553 1374 716 1448 (minimum
731 1385 783 1447 est,
796 1376 872 1450 quod
885 1375 958 1434 scire
971 1375 1068 1434 laboro
1077 1377 1098 1453 :)

167 1453 211 1512 De
225 1453 296 1512 Jove
309 1453 377 1530 quid
391 1453 500 1511 sentisl
520 1463 600 1510 estne
614 1464 646 1510 ut
659 1471 821 1530 preponere
834 1471 918 1511 cures

166 1532 303 1590 Hunc-¹
313 1532 428 1588 cuinam
436 1532 457 1588 ι’
479 1532 614 1589 cuinaml
635 1533 675 1589 ris
690 1531 788 1589 Staiol
809 1551 845 1588 an
860 1532 1081 1606 scilicethaercs,

165 1611 242 1684 turis
255 1611 344 1687 potior
352 1609 449 1686 judex
464 1609 592 1686 puerisue
608 1611 670 1684 quis
685 1611 774 1686 uptior
786 1609 883 1668 orbisl
1107 1609 1147 1668 uu

167 1689 249 1749 Hoc
241 1690 336 1765 rgrtur
350 1707 406 1764 quo
419 1698 450 1745 tu
460 1687 539 1746 lovis
554 1706 651 1747 aurem
665 1688 808 1764 impellere
821 1698 923 1760 tentes,

167 1767 223 1826 Dic
238 1768 360 1844 agedum
371 1766 467 1824 Staio:
489 1768 558 1842 proh
572 1766 700 1841 Jupiter!
722 1766 750 1823 0
765 1768 850 1838 bone,
864 1766 980 1839 clamet,

167 1844 295 1922 Jupiterl
317 1857 415 1903 atscse
429 1865 487 1902 non
500 1843 606 1902 clamet
619 1845 731 1920 Jupiter
745 1836 824 1922 ipset

168 1924 313 2000 lguovisse
328 1935 419 2012 putes,
433 1924 512 1999 quie,
521 1941 612 1997 quum
620 1935 710 1994 tonat,
724 1920 806 1981 ocrbs
816 1922 873 1982 ilex

165 2003 280 2060 Sulfure
292 2001 442 2059 discutitur
456 2021 537 2060 sacro
540 1999 646 2076 ,qudm
659 2011 744 2076 tuque
758 2002 931 2076 domusquol
1105 2001 1147 2059 25

167 2082 215 2138 An
229 2082 295 2170 quis
307 2100 364 2138 nou
380 2080 456 2138 libris
469 2080 564 2138 ovium
578 2080 767 2156 Ergenndque
778 2079 898 2156 jubente

166 2157 284 2216 Τιίιιι
274 2179 354 2236 jaces
367 2159 439 2217 lucis
453 2159 678 2233 evitandumque
686 2157 820 2231 bidental,

168 2236 280 2294 Idcirco
294 2238 423 2295 stolidam
436 2238 543 2314 praebet
555 2237 617 2295 tibi
621 2237 722 2294 vellere
737 2203 852 2298 berbin

166 2314 298 2392 Jupitert
319 2327 366 2373 eut
380 2316 515 2394 quidnam
528 2323 572 2373 est
574 2315 651 2390 ,qul
664 2326 694 2372 ιιι
709 2316 840 2373 mercede
853 2316 971 2374 deorum

168 2395 280 2453 Emeris
293 2395 455 2452 auriculesl
475 2363 608 2470 pulnroire
620 2405 649 2451 et
663 2393 784 2452 lectibus
797 2395 911 2452 unctisl
1046 2406 1062 2465 ζ
1107 2393 1149 2452 30

184 2469 284 2532 Ecce
300 2474 370 2545 avia,
385 2476 433 2536 ebt
446 2484 576 2530 metuens
589 2472 685 2529 divrim
700 2485 858 2545 matertera,
872 2472 955 2532 cuuis

167 2551 282 2610 Exemit
295 2570 424 2627 puerum,
439 2538 613 2625 frontemque
625 2562 708 2646 atque
722 2551 778 2608 uda
791 2551 893 2609 lnbells

167 2628 272 2688 lnssmi
284 2630 374 2705 digito
386 2639 415 2687 et
427 2628 589 2686 lustralibus
602 2626 669 2686 autb
683 2628 776 2686 salivis

168 2707 280 2784 Expiet,
295 2717 409 2764 urentes
421 2707 519 2764 oculos
534 2706 661 2764 inhibere
675 2706 773 2781 perita.

167 2785 256 2844 Tunc
269 2786 400 2842 manibus
413 2785 513 2860 quatit,
527 2796 556 2842 et
569 2803 647 2860 spem
662 2802 785 2842 macram
796 2784 927 2876 supplice
939 2795 1005 2845 vote
1108 2786 1149 2844 36

168 2863 256 2922 Nunc
271 2862 387 2926 Licini
380 2883 410 2920 ιιι
424 2883 548 2939 campos,
563 2882 640 2920 nuuc
655 2861 749 2920 Crassi
765 2864 849 2921 mittit
863 2864 893 2921 in
907 2865 991 2922 sedes.

168 2941 257 3002 Hunc
271 2952 368 3020 optent
381 2961 517 3019 generum
531 2961 581 3000 rex
594 2952 623 3000 et
636 2941 750 3018 regins!
772 2942 873 3019 puellae

171 3017 260 3079 Hunc
274 3021 403 3098 rapient!
424 3021 559 3096 quicquid
573 3021 724 3079 calcaverit
737 3021 794 3093 hic,
808 3041 872 3079 rosa
885 3021 994 3080 fiet!

168 3101 223 3158 Ast
237 3118 290 3176 ego
304 3100 407 3158 nutrici
421 3119 480 3158 ιιοιι
494 3100 598 3158 mendo
612 3111 694 3157 vote:
716 3109 829 3176 uegeto,

167 3177 234 3235 Ju
227 3190 289 3250 rter,
304 3179 365 3236 haec
378 3178 428 3250 illi,
442 3178 569 3252 quemvis
582 3189 610 3236 te
623 3179 716 3243 albeto
728 3178 843 3255 rogirit.

207 3199 305 3316 l'oscis
317 3275 400 3333 opem
414 3257 507 3315 nervis
519 3275 675 3332 corpusque
689 3257 771 3315 fidele
784 3267 925 3316 senecta..

168 3335 249 3408 Ειιο,
264 3354 333 3412 age:
354 3335 405 3392 sed
418 3336 541 3410 grandes
554 3335 657 3410 potine
671 3347 821 3412 tucetsque
834 3353 930 3393 cresse

169 3415 308 3472 Anuuere
322 3413 366 3472 bis
380 3413 504 3488 Superos
517 3412 643 3488 vetuere,
658 3413 814 3490 lovemque
828 3423 980 3473 morantur.

209 3493 285 3551 Rem
300 3503 407 3550 struere
420 3501 536 3566 exoptes
548 3510 624 3549 caeso
637 3492 707 3550 bore
709 3491 963 3566 ,Mercuriumque

170 3572 284 3629 Arcess'
263 3592 301 3629 ιιι
315 3571 401 3629 fibra:
422 3570 468 3627 Da
482 3569 625 3635 fortunare
635 3571 772 3646 penates!
1114 3569 1153 3628 et
1224 3567 1232 3582 ¹

170 3651 217 3708 De
231 3669 330 3727 pecus,
344 3660 373 3708 et
386 3648 520 3726 gregibus
533 3648 650 3706 fretum!
671 3667 743 3723 quo,
750 3647 881 3724 pessime,
895 3659 988 3724 pecto,

170 3729 229 3787 Tot
243 3729 294 3787 tibi
308 3747 395 3804 quum
410 3728 439 3784 in
454 3726 595 3785 flammis
585 3727 716 3803 junicum
729 3736 844 3785 omento
857 3726 1036 3804 liquescentl

169 3807 207 3866 Et
220 3817 316 3865 tamen
327 3807 374 3864 bic
387 3807 460 3866 extis
470 3817 500 3864 et
512 3805 608 3882 opimo
621 3805 734 3863 vincere
748 3805 820 3864 ferto
