2614 4186
549 235 673 285 smmi
691 219 736 285 vi.

180 369 293 429 Dixeris
307 374 369 430 heo
382 371 454 431 iuter
469 376 608 440 rarioosos
621 378 820 440 oenturiones:

83 509 96 514 ,,
140 447 286 508 Continuo
300 469 427 508 erassum
440 453 513 508 ridet
526 453 678 511 vulferius
691 455 802 530 ingens,

32 559 35 564 ·
140 525 178 585 Et
192 539 308 585 uentum
321 528 437 586 Groeeos
451 541 531 589 ourto
546 542 678 590 centusse
692 532 800 591 licetur.

512 795 670 913 smum
689 839 742 922 v1.

346 1078 350 1087 Ι
373 971 378 979 ’
437 1005 496 1055 nu
513 1005 656 1067 cmsmm
674 1001 823 1058 sussum·
927 959 936 977 Γ

180 1147 323 1205 Aeuom
335 1146 393 1223 jam
407 1147 506 1204 bruma
520 1148 633 1219 fosete,
648 1147 745 1220 Basse,
759 1150 887 1209 Sabino?
943 1162 946 1171 ’

139 1223 159 1284 J
161 1245 244 1283 amne
256 1224 316 1300 lyra
328 1237 357 1282 et
369 1227 470 1283 tetrioo
481 1225 578 1282 vivunt
591 1225 641 1282 tibi
655 1225 768 1300 pectine
782 1229 917 1288 ohordaei
947 1291 948 1294 ,

140 1302 216 1360 Mire
229 1303 322 1378 opifex
336 1305 462 1360 numeris
476 1314 600 1374 veterum
614 1304 765 1378 primordia
779 1324 883 1384 rerum,
998 1313 999 1318 ’

140 1383 235 1456 Atque
249 1399 356 1437 marem
369 1381 515 1456 strepitum
529 1381 593 1436 fidis
607 1381 761 1438 intendisse
776 1382 885 1442 Latinae
897 1383 914 1440 τ’

140 1455 211 1516 Mox
221 1459 340 1534 juvenes
353 1459 458 1534 agitare
470 1459 558 1534 jonos,
572 1459 600 1516 et
613 1459 713 1534 pollioe
728 1460 847 1519 honesto

141 1535 281 1613 Egregius
294 1534 395 1601 lusisse
408 1553 499 1594 senes.
540 1535 614 1594 Mihi
628 1555 706 1594 nuno
719 1536 807 1614 Ligus
820 1558 870 1596 ora

140 1614 263 1690 intepet,
277 1615 469 1689 hybernatque
483 1632 578 1670 meum
592 1621 680 1685 mare,
694 1615 750 1689 qua
764 1615 837 1673 latus
851 1617 953 1694 ingens

106 1757 110 1766 .
140 1691 218 1748 Dant
231 1691 348 1766 scopuli,
362 1703 391 1748 et
404 1691 493 1749 multi
506 1691 583 1749 littus
590 1691 711 1748 ,se-valle
721 1703 855 1768 reoeptat.
912 1689 915 1694 ’

140 1769 241 1826 Lunai
250 1778 363 1844 portum
377 1777 418 1826 est
432 1788 521 1844 opere
535 1776 707 1841 cognoscere,
723 1770 805 1826 ciues

136 1846 198 1916 Cor
208 1847 288 1922 jubet
303 1848 357 1904 hoo
370 1845 459 1919 Enni,
474 1857 619 1922 postquam
633 1846 781 1919 destertuit
793 1845 856 1906 es'se

140 1923 297 1988 Maeonides
309 1921 437 1986 Quintus
451 1919 607 2000 pavone'ex
621 1923 805 1999 Pythagoreo·
854 1944 859 1952 ·

140 2000 199 2060 Hie
212 2021 265 2078 ego
278 2021 396 2060 securus
410 2001 495 2078 vulgi,
509 2001 618 2076 etquid
631 2012 768 2078 praeparet
781 2001 887 2061 Auster

139 2067 243 2154 Infelix
256 2079 361 2154 pecori,
375 2099 492 2138 seourus
506 2089 544 2150 et,
558 2079 679 2156 angulus
691 2074 749 2138 ille

139 2157 235 2214 Vicini
250 2167 344 2215 nostro
357 2157 423 2232 quia
436 2155 583 2234 pinguior:
603 2157 656 2234 etsi
670 2155 741 2214 aded
755 2176 854 2216 omnes

139 2233 289 2294 Ditesoant
302 2235 366 2312 orti⁸
370 2236 522 2312 pejoribus,
534 2253 623 2310 usque
637 2249 766 2292 reeusem
1086 2239 1121 2297 15

140 2313 251 2371 Curvus
264 2314 301 2371 ob
314 2312 344 2370 id
357 2314 446 2370 minui
460 2312 550 2384 senio,
564 2324 612 2370 aut
625 2331 739 2370 ooenare
753 2313 814 2372 sine
828 2324 915 2373 uueto

139 2391 178 2448 Et
191 2391 303 2467 signum
318 2392 348 2449 in
362 2391 461 2468 vapidi
475 2403 543 2448 naso
557 2391 682 2466 tetigisse
696 2391 805 2467 legenti.

140 2469 289 2544 Diserepet
302 2469 346 2526 his'
360 2469 439 2526 alius.
480 2469 627 2544 Geminos,
641 2469 805 2544 horosoope‚'
818 2489 885 2528 varo

139 2545 278 2620 Producit
291 2547 383 2621 genio.
415 2547 499 2603 'Solis
513 2545 652 2603 natalibus
665 2558 708 2605 est
721 2547 769 2621 qui

140 2623 248 2700 Tingat
261 2625 323 2681 olus
336 2625 445 2680 siecum
459 2624 551 2680 marii
565 2623 641 2679 vafer
655 2624 685 2680 in
700 2625 790 2681 oalioe
805 2623 910 2699 empti,
1020 2640 1025 2646 “
1081 2626 1121 2684 20

139 2701 205 2778 Ipse
219 2720 331 2759 sacrum
344 2701 471 2759 irrorans
479 2701 584 2776 patine
597 2701 694 2775 piper:
715 2699 763 2757 hio
777 2701 852 2758 bona
865 2702 950 2760 dente

138 2773 266 2837 Grandia
278 2775 476 2855 magnanimus
489 2777 597 2854 peragit
609 2796 687 2852 puer.
728 2777 874 2854 Utarego,
888 2789 969 2849 utar}

140 2857 205 2914 Nee
218 2857 349 2914 rhombos
363 2857 426 2914 ideo
439 2855 546 2913 libertis
558 2873 663 2930 ponere
676 2855 778 2928 lautus,

140 2933 205 2992 Neo
218 2944 331 2992 tenuem
346 2934 433 2992 solers
446 2935 591 2991 turdarum
604 2930 689 2990 nosse
703 2934 826 2991 salivam.
869 2963 872 2968 ·

140 3012 235 3070 Messe
249 3023 331 3084 tenus
344 3013 455 3089 proprisi
468 3012 539 3083 vive,
553 3023 582 3069 et
595 3011 733 3088 granaria,
749 3012 855 3084 fasest,
981 3015 992 3048 '¹
1081 3013 1122 3071 25
1224 3038 1227 3048 ·

141 3089 248 3148 Emole.
288 3091 370 3152 Quid
385 3091 516 3148 metuas?
536 3108 616 3160 ooea,
630 3099 659 3146 et
673 3109 754 3164 seges
768 3091 857 3148 altera
870 3089 900 3147 in
914 3089 1002 3148 her'bd
1015 3101 1068 3148 est,

141 3168 196 3224 Ast
210 3178 291 3225 vocat
305 3167 448 3227 officium:
470 3167 643 3242 traberuptti
657 3167 767 3224 Bruttia
781 3186 848 3224 saxa

141 3241 260 3302 Prende
274 3246 382 3303 amious
396 3246 486 3322 inops,
500 3242 615 3321 remque
628 3263 742 3302 omnem
756 3245 896 3322 surdaque
910 3256 973 3304 vota
1007 3308 1010 3312 ,
1082 3311 1089 3324 Ι
1165 3240 1167 3248 '

140 3323 277 3381 Condidit
290 3323 390 3382 Ionio:
408 3324 484 3399 jacet
498 3324 557 3398 ipse
571 3323 604 3379 iu*
615 3322 715 3394 littore,
729 3333 759 3380 et
772 3322 830 3380 und

141 3399 279 3478 Ingentes
294 3402 330 3459 de
344 3419 436 3477 puppe
451 3400 508 3472 dei,
519 3401 633 3475 jamque
648 3399 730 3456 obvia
744 3399 848 3478 mergis

141 3479 228 3537 Costa
239 3480 306 3537 ratis
320 3479 428 3536 lacerae.
470 3477 559 3534 Nun‘o
572 3488 601 3534 et
614 3476 650 3533 de
662 3478 771 3552 eespite
785 3477 848 3533 vivo

141 3555 254 3632 Frange
268 3557 383 3629 aliquid,
396 3555 497 3630 largire
511 3554 600 3628 inopi,
614 3573 651 3610 ue
664 3554 756 3630 pietus
768 3553 880 3610 oberret*
957 3555 963 3566 '

141 3634 275 3692 Coeruleit
289 3635 319 3691 in
333 3633 437 3692 tabula.
480 3633 558 3689 ‘Sed
571 3649 683 3687 ooeuam
699 3630 804 3688 funeris
818 3630 909 3688 heres

141 3711 278 3789 Negliget
290 3712 387 3782 iratus,
401 3707 477 3786 qudd
493 3728 552 3767 rem
566 3708 739 3766 curtaveris:
761 3725 839 3764 urnae
