2614 4186
174 227 214 286 ps
306 193 307 198 ι
509 226 540 274 ιι.
558 201 811 298 ιιιιιιιιιίιοι

174 367 343 442 Surgentem
358 364 456 440 dextro
469 365 632 425 monstravit
645 366 733 438 limite
747 365 857 423 callem.

175 444 275 502 Stertis
289 443 400 501 adhucl
421 430 570 518 laxumque
585 454 669 518 caput
680 463 815 519 compage
829 442 921 500 solutis

173 521 286 579 Oscitat
299 521 471 592 hesternum,
485 521 600 592 dissutis
612 521 737 594 undique
751 521 852 578 malisl

174 599 226 656 Est
240 599 344 688 aliquid
358 617 414 673 quo
401 567 530 669 teridis,
544 611 581 655 et
587 599 615 655 in
629 599 702 674 ιιοιι
717 599 815 678 dirigis
829 587 947 656 arcuml

175 678 223 735 An
237 677 339 752 passim
354 678 477 772 sequeris
491 695 589 735 corvos
603 677 731 751 testaque
744 677 869 752 lutoque,

175 756 300 812 Securus
312 751 368 828 qud
382 773 432 830 pes
446 754 620 828 festinatque
634 773 669 810 ex
682 759 811 843 ternpore
822 754 909 811 vivisl

214 831 398 890 Helleborurn
413 829 514 888 frustra
516 851 624 922 ‚quum
635 831 693 907 jam
707 832 781 889 cutis
795 851 871 908 tegra
882 831 1013 904 tumebit,

174 909 327 968 Poscentes
342 910 453 966 rideas:
474 911 596 967 venienti
611 909 752 967 occurrite
763 909 868 968 morbo.

174 987 212 1046 Et
225 988 292 1062 quid
302 1007 371 1077 opus
382 988 499 1044 Cratero
514 1007 631 1064 magnos
644 988 805 1062 promittere
818 989 981 1046 montesl

174 1064 317 1124 Discite
309 1085 336 1124 ιο
360 1065 463 1136 miseri,
478 1075 506 1121 et
519 1084 620 1122 causes
635 1065 796 1154 cognoscite
808 1067 915 1141 rerurnl

174 1144 254 1205 Quid
269 1163 374 1214 sumus,
389 1154 417 1218 et
430 1110 563 1218 qriidnam
580 1143 679 1200 victuri
692 1143 853 1218 gignimurl
873 1131 942 1201 ordo

173 1220 250 1281 Quis
261 1222 352 1292 datus,
367 1232 416 1278 nut
429 1231 511 1276 metae
523 1219 609 1294 quarn
623 1221 713 1278 mollis
727 1217 825 1292 flexus,
839 1231 870 1278 et
880 1221 976 1278 undel

168 1297 250 1358 Quis
264 1299 364 1356 modus
378 1299 517 1371 argentol
537 1299 604 1371 quid
622 1298 662 1354 sas
675 1289 791 1387 optarel
812 1299 879 1388 quid
895 1317 975 1388 asper

175 1375 250 1432 Utile
264 1393 397 1444 nummus
412 1373 516 1432 habeti
541 1376 637 1448 patriae
653 1375 781 1450 carisque
796 1377 957 1452 propinquis

173 1439 324 1513 Quantum
338 1451 450 1527 elargiri
465 1453 586 1508 deceatl
606 1463 689 1526 quer'n
703 1463 730 1510 te
744 1455 815 1510 deus
829 1474 891 1512 esse

174 1529 192 1587 J
195 1531 273 1601 ussit
287 1540 316 1587 et
330 1529 454 1586 humana
467 1548 523 1604 qua
537 1539 615 1604 parte
629 1531 738 1588 locatus
748 1551 779 1587 es
792 1532 821 1588 in
837 1533 886 1590 rel

175 1607 277 1665 Disce:
299 1626 352 1664 nec
367 1606 492 1663 invideas
495 1605 591 1680 ,ιιιιὸιι
606 1608 694 1665 multa
706 1609 800 1666 fidelia
814 1620 893 1685 putet

73 1685 80 1695 '
175 1685 209 1742 In
224 1677 363 1760 locuplete
377 1703 463 1760 penu,
478 1686 600 1741 delensis
613 1687 766 1760 pinguibus
780 1685 905 1760 Umbris,

175 1763 251 1820 Et
225 1781 313 1838 prper,
327 1773 355 1820 et
365 1781 470 1858 pernae,
485 1761 572 1819 Marsi
587 1775 770 1832 monumenta
784 1764 905 1836 clientis,

174 1840 326 1916 Maeneque
339 1838 415 1916 qudd
429 1840 520 1916 prima
533 1827 660 1897 nonduin
674 1842 809 1899 defecerit
822 1841 899 1922 orca.

214 1919 273 1976 Hic
287 1919 387 1994 aliquis
401 1919 437 1976 de
428 1931 535 2014 gente
550 1919 661 1976 hircosa
674 1919 886 1998 centurionum

117 2027 124 2039 ·
174 1997 270 2068 Dicat,
284 1996 372 2057 Quod
386 1994 453 2054 satis
466 2006 509 2053 est
511 1997 623 2072 ,sapio
625 1996 711 2053 mihi:
732 1994 789 2054 non
803 2017 857 2074 ego
870 2015 939 2054 curo

175 2073 246 2132 Esse
249 2076 343 2149 ,ιιοιι
358 2075 501 2132 Arcesilas
517 2074 721 2149 arumnosique
736 2075 864 2146 Solones,

174 2121 295 2227 Obstipo
309 2152 410 2230 capite,
422 2163 450 2208 et
463 2153 583 2226 figentes
596 2151 701 2208 lumine
715 2163 828 2223 terrain,

175 2230 323 2286 Murmura
336 2247 422 2303 quum
436 2247 533 2285 secum
547 2239 576 2285 et
589 2229 698 2286 rabiosa
712 2230 823 2286 silentia
836 2230 948 2301 rodunt,

175 2309 271 2380 Atque
285 2317 449 2380 exporrecto
463 2307 634 2363 trutinantur
648 2307 732 2364 verba
746 2307 856 2378 labello,

175 2383 287 2459 AEgroti
301 2384 402 2440 veteris
415 2381 584 2440 meditantes
597 2385 707 2440 somnia
709 2383 809 2460 ‚gigni
873 2409 876 2412 ·

167 2459 220 2518 'De
234 2454 322 2521 nihilo
335 2460 437 2532 nihil,
429 2480 459 2516 ιιι
473 2460 594 2518 ιιιιιιιιιιιι
608 2461 648 2517 nil
661 2481 743 2536 posse
756 2462 865 2518 reverti

176 2539 241 2596 Hoc
255 2547 298 2615 est
300 2534 398 2611 ,qudd
413 2538 522 2612 palles?
542 2557 594 2594 cur
607 2539 669 2612 quis
683 2558 740 2600 non
754 2539 901 2614 prandeat,
915 2539 970 2596 hoc
982 2537 1045 2596 estl
1114 2538 1154 2596 85

176 2617 231 2674 llis
243 2583 363 2692 popirlus
377 2616 463 2674 ridet:
484 2613 659 2708 multumque
673 2627 763 2675 torosa
773 2617 907 2691 juventus

177 2693 338 2770 Ingeminat
351 2694 484 2752 tremulos
498 2712 567 2751 naso
582 2693 722 2770 crispante
736 2695 898 2752 cachinnos.

117 2833 120 2838 ¹
216 2771 347 2848 Inspice:
368 2772 465 2830 nescio
478 2772 545 2846 quid
560 2773 678 2862 trepidat
693 2773 761 2830 mihi
775 2783 884 2848 pectus,
899 2782 927 2828 et
941 2769 1060 2846 egris

168 2847 321 2907 'Faucibus
334 2859 483 2923 exsuperat
496 2849 587 2924 gravis
599 2851 716 2908 halitus:
738 2850 856 2924 inspice,
871 2849 964 2920 sodes,

175 2927 237 2988 Qui
251 2925 321 2982 dicit
334 2926 478 2982 medico
448 2944 562 3000 ,Jussus
575 2927 761 3004 requiescere,
771 2937 918 3001 postquam
1114 2925 1155 2984 90

176 3002 277 3060 Tertia
290 3002 459 3078 compositas
473 3002 541 3058 'vidit
554 3023 611 3060 nox
624 3023 736 3060 currere
751 3022 846 3074 venas,

111 3089 124 3152 ‚¹
176 3081 222 3143 De
235 3080 340 3156 majore
354 3079 438 3137 domo
451 3078 562 3140 modice
576 3082 688 3138 sitiente
701 3080 814 3170 lagena,

175 3157 268 3217 Inruit
281 3158 371 3215 loturo
384 3157 437 3214 sibi
452 3159 619 3217 Surrentina
632 3159 748 3234 rogavit.

177 3234 259 3295 Heus
272 3235 355 3306 lione,
369 3245 399 3292 tu
413 3234 509 3310 palles.
551 3236 648 3293 ‘Nihil
662 3238 722 3294 est'
764 3235 974 3294 Videastamen
988 3236 1074 3308 istud,

173 3314 324 3390 Quicquid
338 3313 366 3370 id
380 3323 440 3370 est:
461 3313 549 3389 surgit
564 3312 648 3372 tacite
663 3316 714 3373 tibi
727 3315 803 3371 lutea
816 3314 904 3392 pellis.
1115 3313 1154 3370 95

177 3394 236 3451 At
249 3403 280 3450 tu
294 3387 417 3448 deterids
430 3391 533 3467 palles:
555 3413 591 3450 ne
605 3393 644 3450 sis
657 3393 726 3450 mihi
740 3401 831 3450 tutor:

177 3470 195 3528 J
199 3490 243 3530 arn
258 3469 365 3545 pridem
379 3471 457 3542 hunc
470 3469 574 3546 sepeli:
595 3482 625 3530 tu
640 3473 752 3530 restas!
787 3469 888 3546 Perge,
901 3467 1002 3528 tacebo

171 3547 325 3633 ‚Turgidus
339 3546 386 3605 hic
399 3535 498 3623 epulis,
515 3559 596 3624 atque
611 3549 675 3607 albo
688 3561 793 3621 ventre,
807 3549 939 3619 lavatur,

171 3617 299 3680 Γιιιιιιιιιιι
312 3623 450 3682 sulfureas
463 3625 539 3686 lente
554 3628 702 3690 exhalante
716 3595 861 3702 mephites.

179 3700 237 3760 Sed
250 3689 354 3761 treinor
367 3701 440 3763 iuter
454 3703 519 3762 vina
530 3705 605 3762 subit
607 3705 807 3784 ,calidumque
821 3701 931 3762 triental
1101 3699 1155 3758 100
