2572 4200
577 231 702 282 sartan
719 231 740 280 1.

166 370 267 436 Quem
280 372 385 449 patitur
399 371 522 430 dormire
536 372 625 430 nunls
638 387 783 447 cormptor
797 390 897 444 avarae,

166 451 265 512 Quem
278 470 389 526 sponsae
404 461 509 526 turpes,
524 463 553 507 et
566 464 746 525 pretextatus
761 451 889 508 adulterl

165 529 199 586 si
214 541 315 586 natura
328 539 423 604 negat,
439 529 505 586 facit
519 529 675 604 indignatio
689 548 811 598 versum,

166 607 406 682 Qualemcunque
421 618 521 682 potest,
535 607 632 682 quales
645 627 708 682 ego,
723 607 766 664 vel
781 607 945 664 Cluuienus.

208 684 252 742 Ex
265 704 324 759 quo,
335 684 503 756 Deucalion,
518 686 622 742 nimbis
636 685 798 742 tollentibus
813 703 916 759 aequor,

167 762 291 838 Navigio
304 773 429 819 montem
444 765 582 834 ascendit,
597 776 739 838 sortesque
753 761 889 838 poposcit,

167 839 363 916 Paulatimque
377 841 472 908 animab
486 841 634 898 caluerunt
648 842 742 899 mollia
756 859 831 914 saxa,

168 918 206 976 Et
220 919 343 975 maribus
358 919 449 976 nudas
462 919 706 994 ostendit‘Pyrrba
719 921 843 994 puellas:

167 997 318 1071 Quidquid
333 1009 421 1072 agunt
435 997 573 1069 homines,
588 1009 692 1068 votnm,
706 998 799 1068 timor,
815 999 864 1070 ira,
879 997 1015 1074 voluptas,

168 1075 290 1146 Gaudia,
305 1075 458 1146 discursus,
472 1077 559 1133 nostri
573 1088 616 1134 est
630 1076 738 1150 farrago
751 1076 845 1133 libelli.

169 1153 207 1211 Er
220 1155 334 1227 quando
349 1154 459 1226 uberior
474 1153 602 1222 vitiorum
617 1153 717 1230 copial
737 1155 850 1229 qnando

169 1231 263 1307 Major
276 1231 399 1289 avaritiae
413 1232 502 1308 patuit
516 1233 617 1290 sinust
638 1231 700 1290 alea
714 1233 830 1307 quando'

170 1309 232 1368 Hos
246 1311 374 1368 animosl
415 1309 517 1384 Neque
532 1310 609 1368 enim
623 1311 722 1367 loculis
737 1309 936 1368 comitantibus
950 1309 1006 1368 itur

170 1389 218 1453 Ad
236 1387 334 1445 casum
348 1388 461 1459 tabnlae,
475 1389 566 1463 posita
581 1390 631 1445 sed
644 1389 749 1446 luditur
764 1389 838 1446 arca.

170 1467 274 1524 Proelia
288 1478 393 1541 quanta
406 1466 465 1524 illic
479 1468 671 1542 dispensatori}
686 1469 792 1524 videbis

169 1545 337 1621 Armigero!
360 1545 524 1622 Simplexne
540 1545 757 1603 furorrsestertia
770 1558 886 1604 centnm

169 1624 302 1694 Perdere,
316 1634 344 1680 et
359 1623 482 1680 horrenti
497 1623 623 1681 tunicam
638 1644 694 1682 non
709 1625 827 1682 reddere
841 1625 943 1680 serro‘l

167 1703 245 1772 Quis
259 1703 377 1760 tetidem
392 1702 481 1759 erexit
495 1703 593 1758 villasl
614 1703 676 1777 quis
691 1703 797 1760 fercula
811 1713 920 1777 septem

170 1783 288 1838 Secreto
301 1780 422 1839 coenavit
436 1783 524 1838 avusl
564 1781 593 1836 N
596 1801 652 1838 unc
666 1783 788 1856 sportula
802 1781 892 1856 primo

169 1859 282 1916 Limine
296 1877 379 1934 parva
392 1859 481 1928 sedet,
496 1859 585 1916 turbae
599 1860 734 1933 rapienda
747 1871 857 1935 togate.

170 1937 224 1994 ille
238 1949 333 1994 tamen
349 1937 452 2004 faciem¹
465 1935 544 2012 pribs
559 1937 682 2012 inspicit,
696 1950 725 1994 et
738 1937 869 2012 trepidat,
883 1956 925 1994 ne

159 2017 339 2093 ,Suppositus
353 2015 459 2087 venias,
474 2035 508 2074 ac
522 2015 591 2074 salso
605 2015 719 2072 nomine
729 2035 840 2091 poscas.

170 2095 296 2170 Agnitus
310 2093 442 2167 accipies.
462 2093 548 2152 Jubet
562 2094 579 2151 'a
592 2104 722 2169 praeobne
737 2094 829 2153 vocari

171 2171 252 2248 Ipsos
266 2172 465 2248 Trojugenas:
487 2191 554 2228 nam
567 2183 670 2230 vexant
683 2173 770 2230 limen
784 2185 812 2230 et
827 2173 880 2248 ipsi

97 2269 100 2279 ·
170 2251 338 2310 Nobiscum.
379 2249 426 2306 Da
438 2252 560 2326 praetori,
574 2251 611 2308 da
624 2252 734 2322 deinde.
741 2252 871 2312 tribuno!

171 2331 229 2387 Sed
244 2330 392 2387 libertinus
405 2330 480 2404 prior
493 2340 544 2386 est.
569 2329 662 2402 Prior,
674 2329 776 2404 inquit,
789 2349 843 2406 ego
857 2331 966 2391 adsum.

148 2434 154 2440 ·
171 2409 232 2466 Cur
245 2409 369 2478 timeam,
384 2407 545 2465 dubitemve
559 2408 654 2466 locum
669 2408 832 2480 defendere,
846 2411 973 2484 quamvis

171 2487 266 2546 Natus
279 2487 314 2544 ad
330 2486 503 2561 Euphraten,
518 2487 616 2546 molles
629 2488 703 2562 qnod
718 2488 747 2544 in
762 2507 829 2544 eure
843 2488 997 2547 fenestrae·

171 2565 338 2642 Argnerint,
350 2563 418 2623 licet
431 2565 490 2640 ipse
505 2567 627 2640 negeml
668 2566 726 2622 Sed
740 2566 864 2640 quinque
878 2567 1005 2624 taberne

170 2644 391 2718 Quadringenta
404 2654 510 2719 parant.
551 2643 633 2704 Quid
647 2645 756 2700 confert
769 2663 892 2718 purpura
906 2645 994 2720 major

171 2723 346 2800 Optandum,
361 2721 384 2777 si
399 2721 534 2778 Laurenti
548 2722 671 2778 custodit
685 2722 715 2779 in
729 2740 797 2796 agro
819 2780 821 2788 ,

171 2803 336 2860 Conductas
350 2800 489 2857 Corvinus
502 2801 587 2856 ovesl
628 2798 691 2875 Ego
703 2799 833 2874 possideo
843 2799 906 2874 plus

171 2879 300 2940 Pallante
315 2889 343 2937 et
357 2878 474 2936 Licinis.
516 2877 691 2954 Exspectant
703 2895 771 2953 ergo
785 2878 890 2939 tribuni
904 2899 911 2936 z

171 2961 297 3017 Vincunt
310 2957 430 3014 divitie:
453 2976 532 3014 sacro
546 2975 601 3013 nec
616 2957 699 3014 cedat
712 2957 821 3028 honori,

171 3037 271 3112 Nuper
285 3037 314 3094 in
331 3037 405 3092 hanc
419 3035 518 3092 urbem
532 3036 653 3110 pedibus
666 3037 715 3110 qui
729 3047 844 3093 venerat
857 3036 945 3106 albis3

169 3113 412 3190 Quandoquidem
426 3114 498 3170 inter
512 3133 564 3170 nos
578 3114 755 3171 sanctissima
769 3113 939 3178 Diuitiarum
955 3171 956 3174 ,

172 3193 324 3270 Maiestam
345 3193 408 3262 etsi,
423 3193 534 3251 funesta
547 3192 686 3264 Pecunia,
699 3193 804 3267 templo
920 3191 925 3198 '
1100 3194 1156 3257 rm

110 3278 115 3286 '
170 3272 309 3330 Nondum
324 3271 443 3342 habitas,
458 3271 550 3328 nullas
564 3289 743 3328 nummorum
757 3272 898 3328 ereximus
912 3289 975 3330 aras

170 3351 209 3409 Ut
224 3351 325 3410 colitur
340 3349 409 3420 Pax,
423 3360 506 3424 atque
521 3349 618 3420 Fides,
632 3347 769 3420 Victoria,
783 3349 891 3422 Virtus,
982 3355 988 3412 ,ἱ

169 3431 302 3504 Quaeque
316 3427 435 3484 salutato
449 3428 568 3504 crepitat
580 3427 742 3484 Concordia
755 3426 831 3485 nido.

210 3508 268 3566 Sed
281 3524 369 3581 quum
385 3523 512 3562 summus
526 3506 614 3562 honor
628 3505 708 3564 finito
721 3516 865 3579 computet
879 3523 964 3578 auno,

171 3585 303 3664 Sportula
317 3585 384 3659 quid
398 3584 512 3654 referat,
524 3594 660 3656 quantum
674 3584 830 3640 rationibus
844 3583 946 3654 addat;
1099 3584 1157 3644 11⁰

169 3664 252 3728 Quid
267 3663 372 3721 facient
385 3662 512 3732 comites,
527 3661 629 3733 quibus
643 3661 710 3718 hinc
725 3671 799 3735 toga,
813 3661 927 3720 calceus
942 3663 1008 3724 binc
1023 3673 1079 3734 ert,

170 3743 209 3802 Et
221 3742 314 3822 panis,
329 3741 478 3814 fumusque
493 3739 590 3796 domil
630 3737 808 3805 Densissima
821 3753 938 3803 centum
