2572 4200
530 225 654 293 sunm
671 226 746 281 xrv.

141 365 201 426 llio
214 379 257 426 eut
271 365 339 444 orgd
353 368 435 426 oibue
448 369 669 444 magniquoqne
683 363 810 438 uulturio,
822 377 853 425 et
865 371 897 425 o'e

140 445 298 519 Pascentis,
310 446 423 521 proprid
436 464 522 519 quum
531 446 589 520 jam
605 447 672 504 lauit
687 446 785 503 arbore
798 446 890 503 nidos.

141 523 200 582 Sed
213 525 337 598 leporem
351 535 399 580 aut
413 523 544 598 capream
558 524 669 581 famulae
684 523 762 581 Jovis
775 534 804 580 et
815 542 962 599 generosae
1001 550 1004 556 ·

140 601 176 658 In
191 602 264 658 saltu
277 612 415 658 venantur
427 619 508 658 aves:
527 601 595 658 hino
610 603 704 676 praede
719 601 805 660 nubili

140 678 277 738 Ponitur:
299 680 365 736 inde
381 690 485 748 autem,
500 697 586 752 quum
600 697 631 735 se
645 690 754 736 matura
766 677 867 754 levdrit

141 757 305 832 Progenies,
319 757 481 814 stimulante
496 756 580 827 same,
595 757 708 814 festinat
723 758 759 814 ad
773 757 859 828 illum,

140 834 239 896 Quam
253 831 374 909 primum
388 834 512 910 predam
526 847 608 908 rupto
621 835 781 909 gustaverat
793 853 854 892 ovo.
879 903 882 907 .
930 839 934 845 ’

165 911 349 979 ,AEdilieator
362 923 423 968 erat
436 911 597 982 Oenomao,
609 925 638 970 et
651 910 736 970 modd
748 927 835 970 curvo

141 988 249 1046 Littore
264 988 381 1064 Cajetae‚
396 989 508 1045 summit
522 1007 601 1046 nuno
615 984 823 1061 Tiburis⁴aroe,

142 1065 229 1123 Nune
244 1067 425 1124 Praenestinis
440 1067 637 1137 inmomibun'
650 1067 707 1124 alta
718 1068 835 1142 parabo

141 1144 276 1201 Culmina
290 1144 427 1214 villarum,
442 1143 551 1200 Graeois
564 1141 706 1218 longeque
720 1145 815 1220 petitis

143 1221 342 1292 Marmoribus,
357 1223 473 1278 vincens
488 1219 622 1278 Fortunae
637 1233 720 1296 atque
732 1221 867 1281 Herculis
882 1224 972 1281 edem

141 1299 181 1358 Ut
193 1301 280 1375 apado
294 1299 424 1357 vincebat
438 1298 579 1372 Capitolia
592 1310 687 1356 nostru
701 1299 825 1357 Posides.

142 1377 220 1434 Dum
234 1378 276 1434 sio
289 1375 358 1452 ergd
374 1376 481 1434 habitet
495 1377 655 1448 CetroniuS,
670 1378 813 1436 imminuit
825 1395 895 1451 rem,
988 1415 991 1422 =

142 1455 240 1530 Fregit
252 1473 336 1529 opes;
358 1473 412 1511 neo
425 1474 510 1530 parva
523 1467 618 1511 tamen
632 1473 766 1513 mensura
779 1457 885 1514 relictae

142 1532 234 1590 Partis
246 1545 307 1590 erat
320 1552 326 1589 :
347 1543 435 1589 totam
446 1534 520 1588 hano
534 1533 656 1589 turbavit
669 1533 742 1590 filius
756 1553 864 1604 amena,

37 1641 40 1646 Δ
142 1610 220 1667 Dum
233 1610 347 1668 meliore
362 1628 448 1666 novas
462 1611 561 1668 attollit
575 1629 713 1668 marmore
727 1612 813 1668 villas.

180 1688 311 1750 Quidam
325 1688 414 1745 sortiti
429 1699 602 1746 metuentem
616 1689 734 1746 sabbata
747 1702 866 1764 patrem,

141 1766 190 1822 Nil
205 1779 307 1841 praeter
320 1767 411 1823 nubes
425 1777 453 1824 et
466 1767 531 1822 ooeli
545 1785 651 1824 numen
666 1768 801 1834 adorant;
902 1809 905 1819 .

141 1843 207 1901 Neo
220 1845 324 1902 distare
337 1855 439 1920 putant
452 1845 578 1901 humanit
591 1863 678 1901 earne
692 1845 814 1916 suillam,

140 1921 211 1982 Qud
223 1934 302 1998 pater
318 1922 467 1990 abstinuit3
489 1941 554 1980 mor
567 1933 596 1979 et
609 1922 745 1997 proeputia
758 1931 886 1998 ponunt:
916 1967 920 1971 .
1151 1975 1156 1981 ,

141 1999 289 2057 Romanas
304 2001 398 2057 autem
413 2000 487 2058 soliti
501 2011 683 2058 contemnere
696 1999 775 2075 leges
809 2027 811 2030 ·
1068 2001 1125 2058 100

141 2078 296 2146 ludoicum
311 2078 452 2149 ediscunt,
467 2089 630 2150 eruerunt,
645 2097 679 2134 ao
693 2088 823 2136 metuunt
835 2077 892 2153 jue,
949 2128 956 2134 .

140 2156 275 2213 Tradidit
290 2175 394 2214 arnano
406 2158 596 2231 quodeunque
610 2155 752 2212 volumine
768 2154 871 2214 Moses.

140 2234 208 2290 Non
223 2247 378 2292 monstrare
393 2234 460 2305 vias,
475 2235 577 2292 eadem
591 2234 646 2292 nisi
657 2253 737 2291 saera
750 2235 872 2303 uolenti3

139 2312 304 2374 Quaesitum
321 2313 356 2368 ad
371 2313 476 2370 sontem
490 2313 563 2370 solos
574 2313 716 2369 deducere
731 2331 836 2388 verpos.
924 2317 928 2324 '

140 2391 199 2446 Sed
213 2401 292 2466 pater
306 2389 336 2446 in
350 2391 445 2459 eausa,
460 2390 507 2446 oui
521 2390 640 2465 septima
652 2409 770 2465 quaeque
785 2389 837 2448 fuit
850 2391 900 2447 lux
1016 2459 1019 2466 ⁴
1068 2393 1124 2450 105

140 2466 250 2544 Ignara
263 2479 292 2524 et
305 2479 413 2543 partem
428 2469 491 2524 vite
506 2487 563 2524 non
579 2467 669 2543 attigit
683 2469 778 2534 ullam.

181 2548 288 2621 Sponte
302 2558 397 2602 tamen
405 2545 524 2619 juvenes
539 2545 685 2618 imitantur
699 2557 821 2604 oaetera:
843 2547 932 2604 solam

140 2623 226 2680 Inviti
240 2641 351 2698 quoque
367 2623 508 2680 avaritiam
523 2643 655 2680 exercere
666 2623 810 2697 jubentur.

140 2701 226 2758 Fallit
240 2701 317 2758 enim
331 2701 429 2758 vitium
443 2701 537 2774 specie
552 2700 661 2758 virtutis
674 2711 703 2758 e't
717 2701 827 2773 umbria,

139 2780 241 2840 Quum
256 2779 292 2835 sit
305 2779 383 2835 triste
397 2779 496 2834 habitu
510 2776 643 2852 vultuque
657 2788 685 2835 et
699 2788 775 2834 veste
789 2797 929 2836 severum.
1066 2780 1127 2842 110

141 2856 207 2914 Neo
221 2853 319 2926 dubie,
334 2867 469 2930 tanquam
483 2855 567 2930 frugi,
581 2855 712 2912 laudatur
726 2869 837 2928 averna,

141 2935 295 3008 Tanquam
308 2953 411 3008 pareus
425 2935 519 3003 homo,
534 2946 563 2990 et
577 2945 671 3004 rerum
685 2934 773 2992 tutela
786 2953 903 2994 auarum

141 3014 229 3069 Certa
243 3009 344 3086 magis,
359 3007 444 3085 qudm
459 3011 482 3066 si
497 3012 622 3068 fortunas
635 3024 726 3070 servet
739 3015 854 3089 eaedem

141 3088 335 3164 Hesperidum
349 3107 465 3163 serpens
479 3100 527 3146 aut
541 3089 685 3146 Pontinus.
726 3088 811 3148 Adde
825 3089 902 3166 qudd
916 3093 1005 3162 huno,
1019 3091 1055 3150 de

138 3169 209 3229 Quo
223 3167 330 3241 loquor,
344 3166 491 3240 egregium
505 3168 623 3242 populus
636 3178 717 3242 putat
730 3169 897 3242 acquirendi
1070 3171 1125 3226 115

140 3245 311 3304 Artificem:
331 3244 435 3318 quippe
450 3243 493 3300 his
507 3255 641 3301 oresount
653 3244 823 3319 patrimonia
837 3247 933 3305 lebria

140 3325 199 3380 Sed
215 3333 349 3379 creseunt
362 3339 531 3396 quocunque
545 3321 638 3392 modo,
652 3323 813 3398 majoraque
826 3324 899 3382 fiunt

139 3401 252 3458 Ineude
266 3398 390 3468 assidui,
404 3415 569 3471 semperque
583 3400 699 3456 ardente
714 3401 835 3458 camino.

139 3478 177 3536 Et
191 3489 270 3554 pater
285 3473 353 3551 ergd
368 3474 455 3530 animi
470 3475 566 3530 lelioee
580 3476 670 3532 eredit
683 3495 789 3546 avaros,

138 3556 200 3618 Qui
216 3557 333 3612 miratur
346 3569 423 3626 opes,
437 3551 485 3625 qui
500 3551 578 3608 nulla
591 3554 719 3628 exempla
733 3553 807 3610 beati
1068 3552 1127 3612 lau

139 3633 278 3708 Pauperis
292 3649 354 3688 esse
367 3640 449 3704 putat
484 3628 604 3704 juvenes
617 3630 753 3700 hortatur,
767 3630 889 3690 utillum
937 3655 939 3662 ·

139 3711 186 3769 Ire
201 3711 275 3767 viam
289 3717 418 3784 pergant,
432 3717 464 3764 et
474 3707 567 3764 eidem
581 3705 747 3763 incumbere
761 3719 855 3766 seete.
883 3737 891 3746 =

380 3783 428 3841 71
