2614 4186
148 243 189 310 θ
299 275 303 284 ·
461 245 493 298 D.
511 243 607 300 suun
624 244 820 299 suasurus

150 383 199 445 Sic
212 382 323 463 possem
338 385 434 448 affari:
456 387 523 462 Dic,
536 410 554 448 o
567 388 726 462 vanissime,
740 390 803 464 quis
816 401 845 447 te

148 465 295 523 Festinare
306 467 407 543 jubet?
428 469 575 526 meliorem
588 479 690 542 presto
703 469 837 542 magistro
942 529 945 534 ,

148 541 350 620 Discipulum.⁴
379 547 504 604 Securus
518 546 582 603 ahi:
603 545 736 615 vinceris,
750 555 781 602 ut
795 545 871 620 Ajax

148 618 498 694 Praeteriit-Telamonem,
513 633 544 680 ut
558 623 643 680 Pelea
656 623 724 694 vicit
738 622 877 680 Achilles.

78 753 83 761 χ
147 695 327 756 Parcendum
341 701 463 757 teneris:
483 702 608 758 nondum
621 699 776 776 'implevere
790 699 929 759 medullas

148 773 270 833 Mature
283 778 357 835 mala
370 779 512 852 nequitie.
551 777 653 838 Quum
666 789 780 853 pectere
794 777 909 850 barbam
1024 779 1027 782 ’

98 907 100 916 Α
147 848 273 928 (imperit
286 867 315 912 et
328 854 406 930 longi
421 871 586 914 mucronem
600 857 747 914 admittere
760 853 854 928 cultri,
1004 854 1009 858 ’

148 926 248 988 Falsus
261 933 314 990 erit
327 934 420 1006 testis,
429 935 532 991 vendet
545 934 666 1009 perjuria
679 933 790 992 summi

146 1005 259 1084 Exigua
272 1019 301 1066 et
314 1011 427 1067 Cereris
440 1022 561 1086 tangens
575 1031 707 1086 aramque
721 1013 886 1087 pedemque.
971 1059 974 1066 ,

146 1085 257 1143 Elatam
268 1087 326 1162 jam
341 1089 425 1145 crede
440 1105 553 1160 nurum,
567 1090 591 1146 si
605 1090 702 1160 limina
716 1101 806 1148 vestra

146 1161 293 1222 Mortifera
308 1185 373 1223 curn
388 1167 452 1228 dote
467 1167 550 1242 subit.
591 1167 708 1229 Quibus
721 1167 769 1226 illa
782 1179 924 1244 premetur

146 1240 201 1297 Per
214 1257 345 1300 somnum
360 1245 471 1318 digitis!
493 1251 560 1302 nam
574 1264 636 1320 quae
651 1248 781 1321 terraque
796 1246 920 1321 marique
946 1317 947 1320 Ἴ

145 1318 329 1393 Acquirenda
342 1335 433 1396 putas,
448 1323 556 1380 brevior
570 1323 614 1378 via
627 1324 754 1380 conferet
767 1324 815 1380 illi.

145 1393 250 1452 Nullus
264 1400 339 1454 enim
354 1401 449 1474 magni
463 1401 576 1456 sceleris
587 1399 673 1456 labor.
716 1399 788 1458 Haec
801 1419 855 1476 ego
868 1415 1012 1477 nunquam

145 1470 290 1546 Mandavi,
305 1477 383 1532 dices
396 1477 474 1546 olim,
485 1496 540 1533 nec
555 1477 621 1534 talia
634 1479 719 1553 suasi.

145 1547 251 1629 Mentis
265 1571 351 1610 causa
365 1557 446 1612 rnatae
460 1567 554 1610 tamen
569 1566 650 1612 estet
663 1556 741 1629 origo
755 1574 842 1629 penes
855 1567 892 1614 te.

144 1625 174 1681 N
176 1650 220 1686 am
235 1631 360 1705 quisquis
375 1631 470 1706 magni
484 1633 588 1689 censius
601 1631 735 1708 praecepit
748 1651 884 1706 amorem,

145 1702 186 1764 Et
201 1710 270 1764 laevo
285 1709 393 1764 monitu
407 1728 509 1782 pueros
523 1707 653 1784 producit
667 1727 775 1781 avaros,

144 1789 182 1846 Bt
194 1787 242 1861 qui
256 1805 306 1860 per
320 1787 434 1844 fraudes
445 1781 613 1862 patrimonia
626 1787 826 1864 conduplicare

144 1866 202 1923 Dat
215 1864 382 1936 libertatem,
396 1875 425 1921 et
439 1876 511 1922 totas
524 1865 645 1925 effundit
660 1867 785 1924 habenas

143 1943 309 2000 Curriculo:
331 1961 413 2018 quem
428 1943 452 2000 si
466 1963 591 2014 revoces,
606 1945 756 2010 subsistere
770 1943 871 2016 nescit,

143 2020 181 2078 Et
194 2032 221 2078 te
235 2031 396 2095 contempto
409 2022 515 2096 rapitur
525 2022 666 2097 ¹metisque
680 2023 794 2080 relictis.

143 2099 236 2156 Nemo
251 2097 319 2156 satis
333 2101 423 2156 credit
434 2097 545 2156 tantum
559 2100 733 2175 delinquere,
746 2097 883 2175 quantiam

142 2177 310 2234 Permittas:
331 2175 403 2234 adei>
418 2177 567 2251 indulgent
580 2176 633 2234 sibi
647 2175 731 2235 latius
744 2177 805 2253 ipsi.

141 2255 241 2316 Quum
255 2255 327 2310 dicis
338 2254 445 2329 juveni,
460 2251 586 2324 stultum,
600 2255 649 2330 qui
662 2257 749 2312 donet
763 2257 865 2328 amico,

140 2333 203 2393 Qui
217 2343 408 2406 paupertatem
423 2333 497 2390 levet
511 2333 672 2407 attollatque
686 2334 851 2410 propinqui;
866 2359 867 2364 ¹

142 2409 179 2466 Et
192 2409 311 2483 spoliare
325 2411 422 2482 doceS,
437 2423 466 2467 et
479 2411 722 2482 circumscribere,
734 2423 762 2468 et
774 2413 852 2469 omni

141 2488 268 2543 Crimine
282 2488 392 2544 divitias
406 2490 560 2562 acquirere,
574 2507 691 2563 quarum
706 2508 782 2546 amor
797 2490 826 2547 in
841 2501 884 2564 te,

140 2565 275 2626 Quantus
289 2577 349 2622 erat
362 2567 457 2640 patriae
473 2566 627 2627 Deciorum
641 2567 670 2624 in
684 2576 808 2642 pectore,
822 2565 960 2642 quantiam

140 2643 248 2700 Dilexit
261 2643 389 2714 Thebas,
403 2641 551 2702 siGraecia
567 2643 842 2717 vern,lll'enoeceus:
907 2697 911 2706 .

141 2721 176 2778 Iu
191 2741 308 2795 quorum
324 2723 410 2780 sulcis
422 2723 548 2798 legiones
562 2723 694 2781 dentibus
708 2725 826 2799 anguis·

140 2799 215 2856 Cum
230 2800 335 2875 clypeis
350 2813 515 2872 nascuntur,
527 2814 558 2858 et
568 2802 687 2862 horrida
701 2802 773 2858 bella
786 2812 940 2877 capessunt

140 2877 296 2948 Continuo,
308 2889 440 2952 tanquam
455 2890 483 2935 et
498 2880 613 2936 tubicen
628 2881 782 2938 surrexerit
796 2878 862 2938 und.

139 2953 217 3030 Ergd
230 2957 335 3030 ignem,
350 2956 432 3031 cujus
446 2957 582 3014 scintillas
596 2959 655 3031 ipse
669 2957 782 3026 dedisti,

139 3033 320 3108 Flagrantem
335 3030 391 3089 latri
405 3045 433 3090 et
448 3034 601 3108 rapientem
617 3045 722 3090 cuncta
735 3033 851 3092 videbis.

139 3111 203 3168 Nec
219 3111 268 3168 tibi
282 3123 412 3186 parcetur
427 3112 538 3182 misere,
552 3112 692 3186 trepidum
713 3131 747 3168 ue
762 3111 927 3186 magistrum

139 3190 173 3246 In
188 3190 276 3246 cavea
291 3207 397 3264 magno
411 3189 522 3246 lremitu
536 3189 581 3246 leo
593 3189 671 3247 tollet
684 3131 823 3246 alumnus.

177 3267 255 3326 Nota
269 3267 475 3324 mathematicis
488 3268 601 3342 genesis
612 3279 676 3324 tua:
697 3268 748 3324 sed
762 3286 846 3343 grave
859 3269 955 3328 tardas

138 3346 311 3422 Exspectare
325 3345 412 3403 colus.
454 3343 587 3404 Morieris
600 3347 720 3404 stamine
731 3347 858 3404 nondum

138 3425 276 3500 Abrupto.
317 3423 382 3481 Jam
399 3442 476 3486 nunc
489 3424 584 3482 obstas
597 3436 626 3482 et
640 3435 702 3482 rota
716 3424 849 3484 moraris:

136 3502 154 3557 J
158 3521 202 3558 am
217 3513 325 3577 torquet
337 3503 468 3578 juvenem
482 3503 567 3579 longa
579 3514 608 3560 et
619 3503 733 3560 cervina
746 3514 887 3562 senectus.

137 3577 229 3636 Ocius
244 3580 427 3656 Archigenen
441 3600 544 3655 quiere,
558 3593 641 3656 atque
654 3601 728 3654 eme,
741 3582 815 3656 quod
826 3581 1007 3639 Mithridates

137 3657 312 3731 Composuit,
327 3659 350 3714 si
366 3659 406 3716 vis
420 3661 503 3717 aliam
519 3661 671 3736 decerpere
685 3659 781 3732 ficum,

138 3734 232 3808 Atque
247 3735 316 3791 alies
329 3746 449 3795 tractare
463 3757 548 3796 rosas.
590 3738 772 3796 Medicamen
787 3736 949 3796 habendum
962 3748 1015 3812 est,
